,repo_id,repo_name,repo_git,repo_added,fork_count,stars_count,license,watchers_count,pull_requests_merged,pull_requests_open,wiki_enabled,committers_count,watchers_count,issues_count,last_updated,code_of_conduct_file,commit_count,issues_closed,open_issues
0,64744,dapr,https://github.com/dapr/dapr,2023-04-26 13:46:24,1632,20645,Apache License 2.0,426,2566,35,false,210,426,2730,2023-03-07 14:39:34,,3972.0,2381,349
1,64744,dapr,https://github.com/dapr/dapr,2023-04-26 13:46:24,1632,20647,Apache License 2.0,427,2566,35,false,210,427,2733,2023-03-07 18:08:29,,3972.0,2382,351
2,64744,dapr,https://github.com/dapr/dapr,2023-04-26 13:46:24,1632,20648,Apache License 2.0,426,2566,35,false,210,426,2733,2023-03-08 00:10:36,,3972.0,2382,351
3,64744,dapr,https://github.com/dapr/dapr,2023-04-26 13:46:24,1632,20656,Apache License 2.0,426,2576,33,false,210,426,2740,2023-03-08 13:54:59,,3981.0,2386,354
4,64744,dapr,https://github.com/dapr/dapr,2023-04-26 13:46:24,1635,20668,Apache License 2.0,427,2579,37,false,210,427,2742,2023-03-10 12:01:23,,3984.0,2387,355
5,64744,dapr,https://github.com/dapr/dapr,2023-04-26 13:46:24,1632,20741,Apache License 2.0,426,2608,33,false,210,426,2767,2023-03-21 01:42:41,,4037.0,2416,351
6,64744,dapr,https://github.com/dapr/dapr,2023-04-26 13:46:24,1644,20950,Apache License 2.0,426,2663,42,false,211,426,2820,2023-04-18 20:52:16,,4093.0,2469,351
7,64744,dapr,https://github.com/dapr/dapr,2023-04-26 13:46:24,1646,20998,Apache License 2.0,424,2678,37,false,211,424,2832,2023-04-25 23:06:16,,4107.0,2483,349
8,64744,dapr,https://github.com/dapr/dapr,2023-04-26 13:46:24,1647,21021,Apache License 2.0,423,2684,36,false,212,423,2835,2023-04-29 08:53:40,,4113.0,2488,347
9,64744,dapr,https://github.com/dapr/dapr,2023-04-26 13:46:24,1644,21046,Apache License 2.0,424,2690,36,false,214,424,2837,2023-05-03 01:51:19,,4119.0,2495,342
10,64744,dapr,https://github.com/dapr/dapr,2023-04-26 13:46:24,1651,21103,Apache License 2.0,424,2706,38,false,215,424,2845,2023-05-11 03:42:11,,4140.0,2511,334
11,64744,dapr,https://github.com/dapr/dapr,2023-04-26 13:46:24,1651,21116,Apache License 2.0,424,2707,45,false,215,424,2852,2023-05-15 11:20:24,,4140.0,2514,338
12,64744,dapr,https://github.com/dapr/dapr,2023-04-26 13:46:24,1656,21145,Apache License 2.0,426,2725,37,false,219,426,2863,2023-05-19 15:21:46,,4157.0,2520,343
13,64744,dapr,https://github.com/dapr/dapr,2023-04-26 13:46:24,1661,21239,Apache License 2.0,426,2737,39,false,222,426,2880,2023-05-25 15:20:43,,4160.0,2533,347
14,64744,dapr,https://github.com/dapr/dapr,2023-04-26 13:46:24,1662,21262,Apache License 2.0,426,2743,38,false,222,426,2886,2023-05-30 11:26:00,,4173.0,2548,338
15,64744,dapr,https://github.com/dapr/dapr,2023-04-26 13:46:24,1663,21289,Apache License 2.0,426,2751,38,false,222,426,2895,2023-06-03 17:18:20,,4178.0,2554,341
16,64744,dapr,https://github.com/dapr/dapr,2023-04-26 13:46:24,1665,21318,Apache License 2.0,426,2761,41,false,222,426,2914,2023-06-08 15:16:02,,4183.0,2559,355
17,64744,dapr,https://github.com/dapr/dapr,2023-04-26 13:46:24,1666,21342,Apache License 2.0,426,2775,44,false,222,426,2920,2023-06-12 19:37:32,,4219.0,2568,352
18,64744,dapr,https://github.com/dapr/dapr,2023-04-26 13:46:24,1668,21366,Apache License 2.0,427,2777,49,false,222,427,2928,2023-06-15 07:59:30,,4221.0,2571,357
19,64744,dapr,https://github.com/dapr/dapr,2023-04-26 13:46:24,1668,21386,Apache License 2.0,426,2789,44,false,222,426,2936,2023-06-17 23:09:39,,4228.0,2575,361
20,64744,dapr,https://github.com/dapr/dapr,2023-04-26 13:46:24,1670,21407,Apache License 2.0,426,2808,40,false,223,426,2949,2023-06-21 07:43:40,,4235.0,2585,364
21,64744,dapr,https://github.com/dapr/dapr,2023-04-26 13:46:24,1671,21412,Apache License 2.0,426,2814,40,false,223,426,2954,2023-06-23 15:15:58,,4237.0,2591,363
22,64744,dapr,https://github.com/dapr/dapr,2023-04-26 13:46:24,1671,21422,Apache License 2.0,427,2814,41,false,223,427,2957,2023-06-26 17:05:32,,4237.0,2593,364
23,64744,dapr,https://github.com/dapr/dapr,2023-04-26 13:46:24,1671,21440,Apache License 2.0,426,2822,41,false,224,426,2966,2023-06-28 14:20:30,,4244.0,2598,368
24,64744,dapr,https://github.com/dapr/dapr,2023-04-26 13:46:24,1672,21501,Apache License 2.0,425,2833,41,false,225,425,2976,2023-07-07 06:02:38,,4255.0,2608,368
25,64744,dapr,https://github.com/dapr/dapr,2023-04-26 13:46:24,1674,21508,Apache License 2.0,425,2837,37,false,225,425,2981,2023-07-09 21:49:05,,4259.0,2612,369
26,64744,dapr,https://github.com/dapr/dapr,2023-04-26 13:46:24,1675,21514,Apache License 2.0,425,2838,42,false,226,425,2987,2023-07-11 01:20:52,,4260.0,2615,372
27,64744,dapr,https://github.com/dapr/dapr,2023-04-26 13:46:24,1676,21516,Apache License 2.0,425,2843,39,false,226,425,2992,2023-07-11 13:54:56,,4288.0,2619,373
28,64744,dapr,https://github.com/dapr/dapr,2023-04-26 13:46:24,1677,21523,Apache License 2.0,425,2848,38,false,226,425,2995,2023-07-13 02:36:11,,4293.0,2619,376
29,64744,dapr,https://github.com/dapr/dapr,2023-04-26 13:46:24,1678,21529,Apache License 2.0,425,2851,37,false,226,425,2997,2023-07-13 20:10:04,,4296.0,2620,377
30,64744,dapr,https://github.com/dapr/dapr,2023-04-26 13:46:24,1679,21535,Apache License 2.0,425,2852,43,false,227,425,3001,2023-07-15 07:20:01,,4297.0,2620,381
31,64744,dapr,https://github.com/dapr/dapr,2023-04-26 13:46:24,1680,21537,Apache License 2.0,425,2852,44,false,227,425,3002,2023-07-16 08:16:43,,4297.0,2623,379
32,64744,dapr,https://github.com/dapr/dapr,2023-04-26 13:46:24,1681,21543,Apache License 2.0,425,2854,42,false,227,425,3005,2023-07-17 09:30:21,,4299.0,2626,379
33,64744,dapr,https://github.com/dapr/dapr,2023-04-26 13:46:24,1682,21556,Apache License 2.0,425,2863,38,false,228,425,3009,2023-07-18 15:38:05,,4334.0,2631,378
34,64744,dapr,https://github.com/dapr/dapr,2023-04-26 13:46:24,1682,21568,Apache License 2.0,425,2867,38,false,227,425,3013,2023-07-19 22:58:24,,4337.0,2632,381
35,64744,dapr,https://github.com/dapr/dapr,2023-04-26 13:46:24,1683,21573,Apache License 2.0,425,2871,39,false,227,425,3015,2023-07-21 02:39:30,,4341.0,2633,382
36,64744,dapr,https://github.com/dapr/dapr,2023-04-26 13:46:24,1685,21577,Apache License 2.0,425,2876,38,false,227,425,3016,2023-07-22 03:28:27,,4351.0,2638,378
37,64744,dapr,https://github.com/dapr/dapr,2023-04-26 13:46:24,1685,21579,Apache License 2.0,425,2876,40,false,227,425,3016,2023-07-23 03:26:30,,4351.0,2639,377
38,64744,dapr,https://github.com/dapr/dapr,2023-04-26 13:46:24,1685,21586,Apache License 2.0,425,2876,40,false,227,425,3016,2023-07-24 05:41:05,,4351.0,2641,375
39,64744,dapr,https://github.com/dapr/dapr,2023-04-26 13:46:24,1685,21596,Apache License 2.0,425,2880,38,false,229,425,3018,2023-07-25 05:34:28,,4355.0,2645,373
40,64744,dapr,https://github.com/dapr/dapr,2023-04-26 13:46:24,1686,21604,Apache License 2.0,425,2883,40,false,229,425,3020,2023-07-26 06:04:30,,4358.0,2650,370
41,64744,dapr,https://github.com/dapr/dapr,2023-04-26 13:46:24,1686,21614,Apache License 2.0,425,2885,38,false,229,425,3021,2023-07-27 07:33:18,,4360.0,2650,371
42,64744,dapr,https://github.com/dapr/dapr,2023-04-26 13:46:24,1688,21624,Apache License 2.0,425,2889,36,false,229,425,3026,2023-07-28 09:00:46,,4364.0,2654,372
43,64744,dapr,https://github.com/dapr/dapr,2023-04-26 13:46:24,1688,21630,Apache License 2.0,425,2889,37,false,229,425,3029,2023-07-29 08:51:04,,4364.0,2656,373
44,64744,dapr,https://github.com/dapr/dapr,2023-04-26 13:46:24,1688,21645,Apache License 2.0,425,2889,37,false,229,425,3030,2023-07-30 08:56:11,,4364.0,2657,373
45,64744,dapr,https://github.com/dapr/dapr,2023-04-26 13:46:24,1690,21652,Apache License 2.0,425,2889,37,false,229,425,3031,2023-07-31 08:36:27,,4364.0,2657,374
46,64744,dapr,https://github.com/dapr/dapr,2023-04-26 13:46:24,1690,21661,Apache License 2.0,425,2892,40,false,229,425,3032,2023-08-01 12:25:10,,4367.0,2659,373
47,64744,dapr,https://github.com/dapr/dapr,2023-04-26 13:46:24,1690,21666,Apache License 2.0,424,2893,41,false,229,424,3033,2023-08-02 13:43:24,,4368.0,2660,373
48,64744,dapr,https://github.com/dapr/dapr,2023-04-26 13:46:24,1691,21669,Apache License 2.0,424,2896,39,false,229,424,3033,2023-08-03 14:52:12,,4371.0,2661,372
49,64744,dapr,https://github.com/dapr/dapr,2023-04-26 13:46:24,1692,21677,Apache License 2.0,424,2900,45,false,229,424,3035,2023-08-04 16:39:15,,4375.0,2662,373
50,64744,dapr,https://github.com/dapr/dapr,2023-04-26 13:46:24,1693,21684,Apache License 2.0,424,2905,44,false,229,424,3035,2023-08-05 18:15:55,,4380.0,2664,371
51,64744,dapr,https://github.com/dapr/dapr,2023-04-26 13:46:24,1693,21689,Apache License 2.0,424,2907,42,false,229,424,3035,2023-08-06 18:30:21,,4382.0,2667,368
52,64744,dapr,https://github.com/dapr/dapr,2023-04-26 13:46:24,1693,21692,Apache License 2.0,424,2911,40,false,229,424,3038,2023-08-07 19:50:22,,4386.0,2670,368
53,64744,dapr,https://github.com/dapr/dapr,2023-04-26 13:46:24,1693,21696,Apache License 2.0,424,2915,39,false,229,424,3040,2023-08-08 21:51:40,,4390.0,2672,368
54,64744,dapr,https://github.com/dapr/dapr,2023-04-26 13:46:24,1694,21701,Apache License 2.0,424,2916,40,false,229,424,3042,2023-08-09 09:46:29,,4391.0,2671,371
55,64744,dapr,https://github.com/dapr/dapr,2023-04-26 13:46:24,1695,21711,Apache License 2.0,424,2920,38,false,229,424,3043,2023-08-10 18:07:05,,4395.0,2674,369
56,64744,dapr,https://github.com/dapr/dapr,2023-04-26 13:46:24,1697,21722,Apache License 2.0,424,2920,39,false,229,424,3047,2023-08-13 14:41:06,,4395.0,2681,366
57,64744,dapr,https://github.com/dapr/dapr,2023-04-26 13:46:24,1699,21729,Apache License 2.0,424,2921,41,false,229,424,3049,2023-08-15 00:00:40,,4396.0,2681,368
58,64744,dapr,https://github.com/dapr/dapr,2023-04-26 13:46:24,1698,21739,Apache License 2.0,424,2926,41,false,229,424,3056,2023-08-16 21:51:18,,4401.0,2687,369
59,64744,dapr,https://github.com/dapr/dapr,2023-04-26 13:46:24,1700,21749,Apache License 2.0,424,2931,40,false,100,424,3059,2023-08-18 01:42:43,,4406.0,2688,371
60,64744,dapr,https://github.com/dapr/dapr,2023-04-26 13:46:24,1701,21756,Apache License 2.0,424,2932,40,false,230,424,3063,2023-08-20 00:35:25,,4407.0,2692,371
61,64744,dapr,https://github.com/dapr/dapr,2023-04-26 13:46:24,1701,21760,Apache License 2.0,424,2932,40,false,230,424,3063,2023-08-21 05:17:25,,4407.0,2695,368
62,64744,dapr,https://github.com/dapr/dapr,2023-04-26 13:46:24,1703,21771,Apache License 2.0,424,2933,40,false,230,424,3065,2023-08-22 08:23:45,,4408.0,2698,367
63,64744,dapr,https://github.com/dapr/dapr,2023-04-26 13:46:24,1704,21776,Apache License 2.0,425,2935,39,false,229,425,3071,2023-08-23 15:19:57,,4410.0,2701,370
64,64744,dapr,https://github.com/dapr/dapr,2023-04-26 13:46:24,1704,21778,Apache License 2.0,425,2936,39,false,229,425,3075,2023-08-24 18:17:28,,4411.0,2703,372
65,64744,dapr,https://github.com/dapr/dapr,2023-04-26 13:46:24,1704,21784,Apache License 2.0,425,2936,41,false,229,425,3077,2023-08-27 11:19:43,,4411.0,2711,366
66,64744,dapr,https://github.com/dapr/dapr,2023-04-26 13:46:24,1706,21789,Apache License 2.0,426,2937,41,false,229,426,3078,2023-08-28 07:11:45,,4412.0,2713,365
67,64744,dapr,https://github.com/dapr/dapr,2023-04-26 13:46:24,1706,21798,Apache License 2.0,425,2940,43,false,229,425,3086,2023-08-30 19:42:29,,4414.0,2716,370
68,64744,dapr,https://github.com/dapr/dapr,2023-04-26 13:46:24,1706,21798,Apache License 2.0,425,2940,43,false,229,425,3086,2023-08-30 19:42:29,,4414.0,2716,370
69,64744,dapr,https://github.com/dapr/dapr,2023-04-26 13:46:24,1706,21798,Apache License 2.0,425,2940,43,false,229,425,3086,2023-08-30 19:42:29,,4414.0,2716,370
70,64744,dapr,https://github.com/dapr/dapr,2023-04-26 13:46:24,1706,21798,Apache License 2.0,425,2941,42,false,229,425,3088,2023-08-31 19:51:44,,4415.0,2717,371
71,62108,falco,https://github.com/falcosecurity/falco,2023-04-26 13:46:24,757,5681,Apache License 2.0,130,1244,17,false,161,130,952,2023-03-08 06:26:35,https://github.com/falcosecurity/.github/blob/master/CODE_OF_CONDUCT.md,3558.0,874,78
72,62108,falco,https://github.com/falcosecurity/falco,2023-04-26 13:46:24,757,5694,Apache License 2.0,130,1247,15,false,161,130,953,2023-03-14 12:18:08,https://github.com/falcosecurity/.github/blob/master/CODE_OF_CONDUCT.md,3575.0,873,80
73,62108,falco,https://github.com/falcosecurity/falco,2023-04-26 13:46:24,761,5717,Apache License 2.0,129,1252,14,false,161,129,957,2023-03-22 13:50:50,https://github.com/falcosecurity/.github/blob/master/CODE_OF_CONDUCT.md,3589.0,874,83
74,62108,falco,https://github.com/falcosecurity/falco,2023-04-26 13:46:24,768,5761,Apache License 2.0,131,1262,14,false,161,131,968,2023-04-05 17:33:35,https://github.com/falcosecurity/.github/blob/master/CODE_OF_CONDUCT.md,3618.0,884,84
75,62108,falco,https://github.com/falcosecurity/falco,2023-04-26 13:46:24,775,5818,Apache License 2.0,129,1265,14,false,161,129,994,2023-04-25 07:44:32,https://github.com/falcosecurity/.github/blob/master/CODE_OF_CONDUCT.md,3621.0,891,103
76,62108,falco,https://github.com/falcosecurity/falco,2023-04-26 13:46:24,777,5824,Apache License 2.0,129,1276,15,false,161,129,996,2023-04-28 07:36:37,https://github.com/falcosecurity/.github/blob/master/CODE_OF_CONDUCT.md,3660.0,894,102
77,62108,falco,https://github.com/falcosecurity/falco,2023-04-26 13:46:24,779,5827,Apache License 2.0,129,1278,14,false,161,129,996,2023-05-02 09:00:44,https://github.com/falcosecurity/.github/blob/master/CODE_OF_CONDUCT.md,3662.0,894,102
78,62108,falco,https://github.com/falcosecurity/falco,2023-04-26 13:46:24,779,5848,Apache License 2.0,129,1284,16,false,162,129,1002,2023-05-10 04:13:17,https://github.com/falcosecurity/.github/blob/main/CODE_OF_CONDUCT.md,3670.0,897,105
79,62108,falco,https://github.com/falcosecurity/falco,2023-04-26 13:46:24,779,5864,Apache License 2.0,129,1289,16,false,162,129,1004,2023-05-14 06:59:12,https://github.com/falcosecurity/.github/blob/main/CODE_OF_CONDUCT.md,3683.0,900,104
80,62108,falco,https://github.com/falcosecurity/falco,2023-04-26 13:46:24,780,5878,Apache License 2.0,129,1295,15,false,163,129,1006,2023-05-17 21:36:00,https://github.com/falcosecurity/.github/blob/main/CODE_OF_CONDUCT.md,3693.0,901,105
81,62108,falco,https://github.com/falcosecurity/falco,2023-04-26 13:46:24,783,5893,Apache License 2.0,129,1310,13,false,163,129,1009,2023-05-23 20:41:33,https://github.com/falcosecurity/.github/blob/main/CODE_OF_CONDUCT.md,3757.0,907,102
82,62108,falco,https://github.com/falcosecurity/falco,2023-04-26 13:46:24,783,5893,Apache License 2.0,129,1310,13,false,163,129,1009,2023-05-24 04:10:05,https://github.com/falcosecurity/.github/blob/main/CODE_OF_CONDUCT.md,3757.0,907,102
83,62108,falco,https://github.com/falcosecurity/falco,2023-04-26 13:46:24,783,5904,Apache License 2.0,130,1319,19,false,163,130,1015,2023-05-28 23:14:27,https://github.com/falcosecurity/.github/blob/main/CODE_OF_CONDUCT.md,3769.0,909,106
84,62108,falco,https://github.com/falcosecurity/falco,2023-04-26 13:46:24,786,5917,Apache License 2.0,130,1332,15,false,164,130,1018,2023-06-02 14:45:44,https://github.com/falcosecurity/.github/blob/main/CODE_OF_CONDUCT.md,3802.0,914,104
85,62108,falco,https://github.com/falcosecurity/falco,2023-04-26 13:46:24,816,6233,Apache License 2.0,130,1400,18,false,164,130,1063,2023-08-28 02:39:57,https://github.com/falcosecurity/.github/blob/main/CODE_OF_CONDUCT.md,3929.0,964,99
86,62108,falco,https://github.com/falcosecurity/falco,2023-04-26 13:46:24,816,6233,Apache License 2.0,130,1400,18,false,164,130,1063,2023-08-28 02:39:57,https://github.com/falcosecurity/.github/blob/main/CODE_OF_CONDUCT.md,3929.0,964,99
87,62108,falco,https://github.com/falcosecurity/falco,2023-04-26 13:46:24,816,6233,Apache License 2.0,130,1400,18,false,164,130,1063,2023-08-28 02:39:57,https://github.com/falcosecurity/.github/blob/main/CODE_OF_CONDUCT.md,3929.0,964,99
88,62108,falco,https://github.com/falcosecurity/falco,2023-04-26 13:46:24,816,6233,Apache License 2.0,130,1400,18,false,164,130,1063,2023-08-28 02:39:57,https://github.com/falcosecurity/.github/blob/main/CODE_OF_CONDUCT.md,3929.0,964,99
89,62108,falco,https://github.com/falcosecurity/falco,2023-04-26 13:46:24,816,6234,Apache License 2.0,130,1400,20,false,164,130,1063,2023-08-28 08:52:41,https://github.com/falcosecurity/.github/blob/main/CODE_OF_CONDUCT.md,3929.0,966,97
90,62108,falco,https://github.com/falcosecurity/falco,2023-04-26 13:46:24,817,6238,Apache License 2.0,130,1406,18,false,166,130,1063,2023-08-30 14:48:14,https://github.com/falcosecurity/.github/blob/main/CODE_OF_CONDUCT.md,3941.0,973,90
91,62108,falco,https://github.com/falcosecurity/falco,2023-04-26 13:46:24,816,6242,Apache License 2.0,130,1414,16,false,167,130,1065,2023-08-31 09:33:47,https://github.com/falcosecurity/.github/blob/main/CODE_OF_CONDUCT.md,3952.0,984,81
92,64753,k8gb,https://github.com/k8gb-io/k8gb,2023-04-26 13:46:24,65,544,Apache License 2.0,16,714,12,false,17,16,233,2023-03-05 14:04:04,https://github.com/k8gb-io/k8gb/blob/master/code-of-conduct.md,828.0,175,58
93,64753,k8gb,https://github.com/k8gb-io/k8gb,2023-04-26 13:46:24,65,544,Apache License 2.0,16,715,12,false,17,16,233,2023-03-05 14:04:04,https://github.com/k8gb-io/k8gb/blob/master/code-of-conduct.md,829.0,175,58
94,64753,k8gb,https://github.com/k8gb-io/k8gb,2023-04-26 13:46:24,65,545,Apache License 2.0,16,716,12,false,17,16,233,2023-03-09 01:59:13,https://github.com/k8gb-io/k8gb/blob/master/code-of-conduct.md,830.0,175,58
95,64753,k8gb,https://github.com/k8gb-io/k8gb,2023-04-26 13:46:24,66,546,Apache License 2.0,16,718,12,false,18,16,234,2023-03-09 17:09:38,https://github.com/k8gb-io/k8gb/blob/master/code-of-conduct.md,832.0,175,59
96,64753,k8gb,https://github.com/k8gb-io/k8gb,2023-04-26 13:46:24,66,552,Apache License 2.0,16,736,13,false,18,16,235,2023-03-19 20:27:47,https://github.com/k8gb-io/k8gb/blob/master/code-of-conduct.md,850.0,176,59
97,64753,k8gb,https://github.com/k8gb-io/k8gb,2023-04-26 13:46:24,68,562,Apache License 2.0,16,773,14,false,19,16,236,2023-04-18 16:03:09,https://github.com/k8gb-io/k8gb/blob/master/code-of-conduct.md,887.0,177,59
98,64753,k8gb,https://github.com/k8gb-io/k8gb,2023-04-26 13:46:24,68,588,Apache License 2.0,15,789,12,false,19,15,236,2023-04-26 02:56:15,https://github.com/k8gb-io/k8gb/blob/master/code-of-conduct.md,903.0,177,59
99,64753,k8gb,https://github.com/k8gb-io/k8gb,2023-04-26 13:46:24,68,588,Apache License 2.0,15,789,12,false,19,15,236,2023-04-26 02:56:15,https://github.com/k8gb-io/k8gb/blob/master/code-of-conduct.md,903.0,177,59
100,64753,k8gb,https://github.com/k8gb-io/k8gb,2023-04-26 13:46:24,68,588,Apache License 2.0,15,789,12,false,19,15,236,2023-04-26 02:56:15,https://github.com/k8gb-io/k8gb/blob/master/code-of-conduct.md,903.0,177,59
101,64753,k8gb,https://github.com/k8gb-io/k8gb,2023-04-26 13:46:24,68,593,Apache License 2.0,15,793,12,false,19,15,236,2023-04-27 20:53:17,https://github.com/k8gb-io/k8gb/blob/master/code-of-conduct.md,907.0,177,59
102,64753,k8gb,https://github.com/k8gb-io/k8gb,2023-04-26 13:46:24,68,594,Apache License 2.0,15,797,12,false,19,15,236,2023-05-02 09:59:35,https://github.com/k8gb-io/k8gb/blob/master/code-of-conduct.md,911.0,177,59
103,64753,k8gb,https://github.com/k8gb-io/k8gb,2023-04-26 13:46:24,68,595,Apache License 2.0,15,804,12,false,19,15,236,2023-05-05 05:51:41,https://github.com/k8gb-io/k8gb/blob/master/code-of-conduct.md,918.0,177,59
104,64753,k8gb,https://github.com/k8gb-io/k8gb,2023-04-26 13:46:24,68,596,Apache License 2.0,15,809,12,false,19,15,236,2023-05-09 22:13:12,https://github.com/k8gb-io/k8gb/blob/master/code-of-conduct.md,923.0,177,59
105,64753,k8gb,https://github.com/k8gb-io/k8gb,2023-04-26 13:46:24,69,600,Apache License 2.0,15,809,12,false,19,15,236,2023-05-15 19:11:11,https://github.com/k8gb-io/k8gb/blob/master/code-of-conduct.md,923.0,177,59
106,64753,k8gb,https://github.com/k8gb-io/k8gb,2023-04-26 13:46:24,71,605,Apache License 2.0,15,811,12,false,19,15,237,2023-05-21 07:34:19,https://github.com/k8gb-io/k8gb/blob/master/code-of-conduct.md,925.0,178,59
107,64753,k8gb,https://github.com/k8gb-io/k8gb,2023-04-26 13:46:24,72,607,Apache License 2.0,15,814,12,false,19,15,238,2023-05-23 12:18:14,https://github.com/k8gb-io/k8gb/blob/master/code-of-conduct.md,928.0,178,60
108,64753,k8gb,https://github.com/k8gb-io/k8gb,2023-04-26 13:46:24,72,610,Apache License 2.0,15,815,13,false,19,15,238,2023-05-30 13:29:50,https://github.com/k8gb-io/k8gb/blob/master/code-of-conduct.md,929.0,179,59
109,64753,k8gb,https://github.com/k8gb-io/k8gb,2023-04-26 13:46:24,72,612,Apache License 2.0,15,817,13,false,19,15,238,2023-06-05 17:06:00,https://github.com/k8gb-io/k8gb/blob/master/code-of-conduct.md,931.0,179,59
110,64753,k8gb,https://github.com/k8gb-io/k8gb,2023-04-26 13:46:24,72,613,Apache License 2.0,14,818,12,false,19,14,238,2023-06-07 01:38:57,https://github.com/k8gb-io/k8gb/blob/master/code-of-conduct.md,932.0,179,59
111,64753,k8gb,https://github.com/k8gb-io/k8gb,2023-04-26 13:46:24,72,613,Apache License 2.0,14,819,12,false,19,14,238,2023-06-07 01:38:57,https://github.com/k8gb-io/k8gb/blob/master/code-of-conduct.md,933.0,179,59
112,64753,k8gb,https://github.com/k8gb-io/k8gb,2023-04-26 13:46:24,72,614,Apache License 2.0,14,820,12,false,19,14,238,2023-06-15 19:49:47,https://github.com/k8gb-io/k8gb/blob/master/code-of-conduct.md,934.0,179,59
113,64753,k8gb,https://github.com/k8gb-io/k8gb,2023-04-26 13:46:24,72,615,Apache License 2.0,14,820,12,false,19,14,238,2023-06-19 11:43:12,https://github.com/k8gb-io/k8gb/blob/master/code-of-conduct.md,934.0,179,59
114,64753,k8gb,https://github.com/k8gb-io/k8gb,2023-04-26 13:46:24,72,618,Apache License 2.0,14,820,12,false,19,14,238,2023-06-21 08:15:54,https://github.com/k8gb-io/k8gb/blob/master/code-of-conduct.md,934.0,179,59
115,64753,k8gb,https://github.com/k8gb-io/k8gb,2023-04-26 13:46:24,72,618,Apache License 2.0,14,820,12,false,19,14,238,2023-06-21 08:15:54,https://github.com/k8gb-io/k8gb/blob/master/code-of-conduct.md,934.0,179,59
116,64753,k8gb,https://github.com/k8gb-io/k8gb,2023-04-26 13:46:24,72,618,Apache License 2.0,14,820,12,false,19,14,238,2023-06-21 08:15:54,https://github.com/k8gb-io/k8gb/blob/master/code-of-conduct.md,934.0,179,59
117,64753,k8gb,https://github.com/k8gb-io/k8gb,2023-04-26 13:46:24,72,618,Apache License 2.0,14,821,13,false,19,14,238,2023-06-21 08:15:54,https://github.com/k8gb-io/k8gb/blob/master/code-of-conduct.md,935.0,179,59
118,64753,k8gb,https://github.com/k8gb-io/k8gb,2023-04-26 13:46:24,72,620,Apache License 2.0,14,827,12,false,19,14,238,2023-07-04 13:35:50,https://github.com/k8gb-io/k8gb/blob/master/code-of-conduct.md,941.0,179,59
119,64753,k8gb,https://github.com/k8gb-io/k8gb,2023-04-26 13:46:24,72,620,Apache License 2.0,14,832,13,false,19,14,238,2023-07-04 13:35:50,https://github.com/k8gb-io/k8gb/blob/master/code-of-conduct.md,946.0,179,59
120,64753,k8gb,https://github.com/k8gb-io/k8gb,2023-04-26 13:46:24,72,621,Apache License 2.0,14,835,12,false,19,14,239,2023-07-10 01:27:46,https://github.com/k8gb-io/k8gb/blob/master/code-of-conduct.md,949.0,179,60
121,64753,k8gb,https://github.com/k8gb-io/k8gb,2023-04-26 13:46:24,72,621,Apache License 2.0,14,835,12,false,19,14,239,2023-07-10 01:27:46,https://github.com/k8gb-io/k8gb/blob/master/code-of-conduct.md,949.0,179,60
122,64753,k8gb,https://github.com/k8gb-io/k8gb,2023-04-26 13:46:24,72,622,Apache License 2.0,14,836,12,false,19,14,239,2023-07-12 23:21:56,https://github.com/k8gb-io/k8gb/blob/master/code-of-conduct.md,950.0,179,60
123,64753,k8gb,https://github.com/k8gb-io/k8gb,2023-04-26 13:46:24,72,624,Apache License 2.0,14,836,12,false,19,14,239,2023-07-13 22:57:07,https://github.com/k8gb-io/k8gb/blob/master/code-of-conduct.md,950.0,179,60
124,64753,k8gb,https://github.com/k8gb-io/k8gb,2023-04-26 13:46:24,72,625,Apache License 2.0,14,837,12,false,19,14,239,2023-07-14 15:29:43,https://github.com/k8gb-io/k8gb/blob/master/code-of-conduct.md,951.0,179,60
125,64753,k8gb,https://github.com/k8gb-io/k8gb,2023-04-26 13:46:24,72,625,Apache License 2.0,14,838,12,false,19,14,239,2023-07-14 15:29:43,https://github.com/k8gb-io/k8gb/blob/master/code-of-conduct.md,952.0,179,60
126,64753,k8gb,https://github.com/k8gb-io/k8gb,2023-04-26 13:46:24,72,625,Apache License 2.0,14,838,12,false,19,14,239,2023-07-14 15:29:43,https://github.com/k8gb-io/k8gb/blob/master/code-of-conduct.md,952.0,179,60
127,64753,k8gb,https://github.com/k8gb-io/k8gb,2023-04-26 13:46:24,72,625,Apache License 2.0,14,839,12,false,19,14,239,2023-07-14 15:29:43,https://github.com/k8gb-io/k8gb/blob/master/code-of-conduct.md,953.0,179,60
128,64753,k8gb,https://github.com/k8gb-io/k8gb,2023-04-26 13:46:24,72,625,Apache License 2.0,14,839,12,false,19,14,239,2023-07-14 15:29:43,https://github.com/k8gb-io/k8gb/blob/master/code-of-conduct.md,953.0,179,60
129,64753,k8gb,https://github.com/k8gb-io/k8gb,2023-04-26 13:46:24,72,625,Apache License 2.0,14,839,12,false,19,14,239,2023-07-14 15:29:43,https://github.com/k8gb-io/k8gb/blob/master/code-of-conduct.md,953.0,179,60
130,64753,k8gb,https://github.com/k8gb-io/k8gb,2023-04-26 13:46:24,72,625,Apache License 2.0,14,839,12,false,19,14,239,2023-07-14 15:29:43,https://github.com/k8gb-io/k8gb/blob/master/code-of-conduct.md,953.0,179,60
131,64753,k8gb,https://github.com/k8gb-io/k8gb,2023-04-26 13:46:24,72,625,Apache License 2.0,14,839,12,false,19,14,239,2023-07-14 15:29:43,https://github.com/k8gb-io/k8gb/blob/master/code-of-conduct.md,953.0,179,60
132,64753,k8gb,https://github.com/k8gb-io/k8gb,2023-04-26 13:46:24,72,625,Apache License 2.0,14,839,12,false,19,14,239,2023-07-14 15:29:43,https://github.com/k8gb-io/k8gb/blob/master/code-of-conduct.md,953.0,179,60
133,64753,k8gb,https://github.com/k8gb-io/k8gb,2023-04-26 13:46:24,72,625,Apache License 2.0,14,839,12,false,19,14,239,2023-07-14 15:29:43,https://github.com/k8gb-io/k8gb/blob/master/code-of-conduct.md,953.0,179,60
134,64753,k8gb,https://github.com/k8gb-io/k8gb,2023-04-26 13:46:24,72,625,Apache License 2.0,14,839,12,false,19,14,239,2023-07-14 15:29:43,https://github.com/k8gb-io/k8gb/blob/master/code-of-conduct.md,953.0,179,60
135,64753,k8gb,https://github.com/k8gb-io/k8gb,2023-04-26 13:46:24,72,625,Apache License 2.0,14,839,12,false,19,14,240,2023-07-14 15:29:43,https://github.com/k8gb-io/k8gb/blob/master/code-of-conduct.md,953.0,179,61
136,64753,k8gb,https://github.com/k8gb-io/k8gb,2023-04-26 13:46:24,72,625,Apache License 2.0,14,839,12,false,19,14,240,2023-07-14 15:29:43,https://github.com/k8gb-io/k8gb/blob/master/code-of-conduct.md,953.0,179,61
137,64753,k8gb,https://github.com/k8gb-io/k8gb,2023-04-26 13:46:24,72,625,Apache License 2.0,14,839,12,false,19,14,240,2023-07-14 15:29:43,https://github.com/k8gb-io/k8gb/blob/master/code-of-conduct.md,953.0,179,61
138,64753,k8gb,https://github.com/k8gb-io/k8gb,2023-04-26 13:46:24,73,625,Apache License 2.0,14,840,12,false,19,14,240,2023-07-14 15:29:43,https://github.com/k8gb-io/k8gb/blob/master/code-of-conduct.md,954.0,179,61
139,64753,k8gb,https://github.com/k8gb-io/k8gb,2023-04-26 13:46:24,73,625,Apache License 2.0,14,840,12,false,19,14,240,2023-07-14 15:29:43,https://github.com/k8gb-io/k8gb/blob/master/code-of-conduct.md,954.0,179,61
140,64753,k8gb,https://github.com/k8gb-io/k8gb,2023-04-26 13:46:24,73,626,Apache License 2.0,14,840,12,false,19,14,240,2023-07-31 16:29:03,https://github.com/k8gb-io/k8gb/blob/master/code-of-conduct.md,954.0,179,61
141,64753,k8gb,https://github.com/k8gb-io/k8gb,2023-04-26 13:46:24,73,627,Apache License 2.0,14,840,12,false,19,14,240,2023-08-01 15:33:45,https://github.com/k8gb-io/k8gb/blob/master/code-of-conduct.md,954.0,179,61
142,64753,k8gb,https://github.com/k8gb-io/k8gb,2023-04-26 13:46:24,73,627,Apache License 2.0,14,841,12,false,19,14,240,2023-08-01 15:33:45,https://github.com/k8gb-io/k8gb/blob/master/code-of-conduct.md,955.0,179,61
143,64753,k8gb,https://github.com/k8gb-io/k8gb,2023-04-26 13:46:24,73,627,Apache License 2.0,14,842,13,false,19,14,240,2023-08-01 15:33:45,https://github.com/k8gb-io/k8gb/blob/master/code-of-conduct.md,956.0,179,61
144,64753,k8gb,https://github.com/k8gb-io/k8gb,2023-04-26 13:46:24,73,627,Apache License 2.0,14,845,12,false,19,14,240,2023-08-01 15:33:45,https://github.com/k8gb-io/k8gb/blob/master/code-of-conduct.md,959.0,179,61
145,64753,k8gb,https://github.com/k8gb-io/k8gb,2023-04-26 13:46:24,73,627,Apache License 2.0,14,845,12,false,19,14,240,2023-08-01 15:33:45,https://github.com/k8gb-io/k8gb/blob/master/code-of-conduct.md,959.0,179,61
146,64753,k8gb,https://github.com/k8gb-io/k8gb,2023-04-26 13:46:24,73,627,Apache License 2.0,14,846,12,false,19,14,240,2023-08-01 15:33:45,https://github.com/k8gb-io/k8gb/blob/master/code-of-conduct.md,960.0,179,61
147,64753,k8gb,https://github.com/k8gb-io/k8gb,2023-04-26 13:46:24,73,627,Apache License 2.0,14,847,12,false,19,14,240,2023-08-01 15:33:45,https://github.com/k8gb-io/k8gb/blob/master/code-of-conduct.md,961.0,179,61
148,64753,k8gb,https://github.com/k8gb-io/k8gb,2023-04-26 13:46:24,73,627,Apache License 2.0,14,848,12,false,19,14,240,2023-08-01 15:33:45,https://github.com/k8gb-io/k8gb/blob/master/code-of-conduct.md,962.0,179,61
149,64753,k8gb,https://github.com/k8gb-io/k8gb,2023-04-26 13:46:24,73,628,Apache License 2.0,14,849,11,false,19,14,240,2023-08-09 21:29:44,https://github.com/k8gb-io/k8gb/blob/master/code-of-conduct.md,963.0,179,61
150,64753,k8gb,https://github.com/k8gb-io/k8gb,2023-04-26 13:46:24,73,628,Apache License 2.0,14,849,11,false,19,14,240,2023-08-09 21:29:44,https://github.com/k8gb-io/k8gb/blob/master/code-of-conduct.md,963.0,179,61
151,64753,k8gb,https://github.com/k8gb-io/k8gb,2023-04-26 13:46:24,73,628,Apache License 2.0,14,851,11,false,19,14,241,2023-08-12 12:31:59,https://github.com/k8gb-io/k8gb/blob/master/code-of-conduct.md,965.0,181,60
152,64753,k8gb,https://github.com/k8gb-io/k8gb,2023-04-26 13:46:24,73,629,Apache License 2.0,14,854,11,false,19,14,241,2023-08-13 19:33:21,https://github.com/k8gb-io/k8gb/blob/master/code-of-conduct.md,968.0,181,60
153,64753,k8gb,https://github.com/k8gb-io/k8gb,2023-04-26 13:46:24,73,629,Apache License 2.0,14,858,11,false,19,14,241,2023-08-13 19:33:21,https://github.com/k8gb-io/k8gb/blob/master/code-of-conduct.md,972.0,181,60
154,64753,k8gb,https://github.com/k8gb-io/k8gb,2023-04-26 13:46:24,73,629,Apache License 2.0,14,859,11,false,19,14,241,2023-08-13 19:33:21,https://github.com/k8gb-io/k8gb/blob/master/code-of-conduct.md,973.0,181,60
155,64753,k8gb,https://github.com/k8gb-io/k8gb,2023-04-26 13:46:24,73,630,Apache License 2.0,14,860,11,false,19,14,241,2023-08-17 11:44:43,https://github.com/k8gb-io/k8gb/blob/master/code-of-conduct.md,974.0,181,60
156,64753,k8gb,https://github.com/k8gb-io/k8gb,2023-04-26 13:46:24,73,630,Apache License 2.0,14,861,11,false,19,14,241,2023-08-17 11:44:43,https://github.com/k8gb-io/k8gb/blob/master/code-of-conduct.md,975.0,181,60
157,64753,k8gb,https://github.com/k8gb-io/k8gb,2023-04-26 13:46:24,73,630,Apache License 2.0,14,862,11,false,19,14,241,2023-08-17 11:44:43,https://github.com/k8gb-io/k8gb/blob/master/code-of-conduct.md,976.0,181,60
158,64753,k8gb,https://github.com/k8gb-io/k8gb,2023-04-26 13:46:24,73,630,Apache License 2.0,14,862,11,false,19,14,241,2023-08-17 11:44:43,https://github.com/k8gb-io/k8gb/blob/master/code-of-conduct.md,976.0,181,60
159,64753,k8gb,https://github.com/k8gb-io/k8gb,2023-04-26 13:46:24,73,630,Apache License 2.0,14,864,11,false,19,14,241,2023-08-17 11:44:43,https://github.com/k8gb-io/k8gb/blob/master/code-of-conduct.md,978.0,181,60
160,64753,k8gb,https://github.com/k8gb-io/k8gb,2023-04-26 13:46:24,73,630,Apache License 2.0,14,865,11,false,19,14,241,2023-08-17 11:44:43,https://github.com/k8gb-io/k8gb/blob/master/code-of-conduct.md,979.0,181,60
161,64753,k8gb,https://github.com/k8gb-io/k8gb,2023-04-26 13:46:24,73,630,Apache License 2.0,14,867,11,false,19,14,241,2023-08-17 11:44:43,https://github.com/k8gb-io/k8gb/blob/master/code-of-conduct.md,981.0,181,60
162,64753,k8gb,https://github.com/k8gb-io/k8gb,2023-04-26 13:46:24,73,630,Apache License 2.0,14,867,11,false,19,14,241,2023-08-17 11:44:43,https://github.com/k8gb-io/k8gb/blob/master/code-of-conduct.md,981.0,181,60
163,64753,k8gb,https://github.com/k8gb-io/k8gb,2023-04-26 13:46:24,73,630,Apache License 2.0,14,869,11,false,19,14,241,2023-08-17 11:44:43,https://github.com/k8gb-io/k8gb/blob/master/code-of-conduct.md,983.0,181,60
164,64753,k8gb,https://github.com/k8gb-io/k8gb,2023-04-26 13:46:24,73,630,Apache License 2.0,14,869,13,false,19,14,241,2023-08-17 11:44:43,https://github.com/k8gb-io/k8gb/blob/master/code-of-conduct.md,983.0,181,60
165,64753,k8gb,https://github.com/k8gb-io/k8gb,2023-04-26 13:46:24,73,630,Apache License 2.0,14,870,13,false,19,14,241,2023-08-17 11:44:43,https://github.com/k8gb-io/k8gb/blob/master/code-of-conduct.md,984.0,181,60
166,64753,k8gb,https://github.com/k8gb-io/k8gb,2023-04-26 13:46:24,73,630,Apache License 2.0,14,871,13,false,19,14,241,2023-08-17 11:44:43,https://github.com/k8gb-io/k8gb/blob/master/code-of-conduct.md,986.0,181,60
167,64754,karmada,https://github.com/karmada-io/karmada,2023-04-26 13:46:24,609,3110,Apache License 2.0,63,2006,63,true,155,63,863,2023-03-07 17:42:55,https://github.com/karmada-io/karmada/blob/master/CODE_OF_CONDUCT.md,3607.0,694,169
168,64754,karmada,https://github.com/karmada-io/karmada,2023-04-26 13:46:24,609,3110,Apache License 2.0,63,2006,63,true,155,63,863,2023-03-07 17:42:55,https://github.com/karmada-io/karmada/blob/master/CODE_OF_CONDUCT.md,3607.0,694,169
169,64754,karmada,https://github.com/karmada-io/karmada,2023-04-26 13:46:24,610,3111,Apache License 2.0,63,2008,60,true,155,63,865,2023-03-08 02:19:56,https://github.com/karmada-io/karmada/blob/master/CODE_OF_CONDUCT.md,3611.0,697,168
170,64754,karmada,https://github.com/karmada-io/karmada,2023-04-26 13:46:24,611,3113,Apache License 2.0,63,2014,58,true,156,63,869,2023-03-10 09:53:50,https://github.com/karmada-io/karmada/blob/master/CODE_OF_CONDUCT.md,3622.0,698,171
171,64754,karmada,https://github.com/karmada-io/karmada,2023-04-26 13:46:24,617,3145,Apache License 2.0,62,2034,59,true,159,62,883,2023-03-21 02:01:30,https://github.com/karmada-io/karmada/blob/master/CODE_OF_CONDUCT.md,3660.0,714,169
172,64754,karmada,https://github.com/karmada-io/karmada,2023-04-26 13:46:24,629,3208,Apache License 2.0,64,2098,71,true,165,64,927,2023-04-18 11:17:14,https://github.com/karmada-io/karmada/blob/master/CODE_OF_CONDUCT.md,3770.0,746,181
173,64754,karmada,https://github.com/karmada-io/karmada,2023-04-26 13:46:24,632,3227,Apache License 2.0,66,2123,76,true,165,66,941,2023-04-26 16:08:59,https://github.com/karmada-io/karmada/blob/master/CODE_OF_CONDUCT.md,3814.0,780,161
174,64754,karmada,https://github.com/karmada-io/karmada,2023-04-26 13:46:24,634,3232,Apache License 2.0,66,2131,75,true,165,66,943,2023-04-28 18:13:21,https://github.com/karmada-io/karmada/blob/master/CODE_OF_CONDUCT.md,3829.0,784,159
175,64754,karmada,https://github.com/karmada-io/karmada,2023-04-26 13:46:24,635,3238,Apache License 2.0,66,2131,81,true,165,66,943,2023-05-02 09:22:06,https://github.com/karmada-io/karmada/blob/master/CODE_OF_CONDUCT.md,3829.0,784,159
176,64754,karmada,https://github.com/karmada-io/karmada,2023-04-26 13:46:24,639,3248,Apache License 2.0,65,2153,83,true,166,65,945,2023-05-10 07:40:18,https://github.com/karmada-io/karmada/blob/master/CODE_OF_CONDUCT.md,3867.0,785,160
177,64754,karmada,https://github.com/karmada-io/karmada,2023-04-26 13:46:24,641,3252,Apache License 2.0,65,2166,85,true,168,65,948,2023-05-15 08:10:30,https://github.com/karmada-io/karmada/blob/master/CODE_OF_CONDUCT.md,3890.0,786,162
178,64754,karmada,https://github.com/karmada-io/karmada,2023-04-26 13:46:24,645,3287,Apache License 2.0,66,2175,82,true,170,66,957,2023-05-19 07:49:10,https://github.com/karmada-io/karmada/blob/master/CODE_OF_CONDUCT.md,3908.0,791,166
179,64754,karmada,https://github.com/karmada-io/karmada,2023-04-26 13:46:24,648,3300,Apache License 2.0,66,2188,78,true,172,66,969,2023-05-25 12:24:43,https://github.com/karmada-io/karmada/blob/master/CODE_OF_CONDUCT.md,3934.0,796,173
180,64754,karmada,https://github.com/karmada-io/karmada,2023-04-26 13:46:24,648,3305,Apache License 2.0,66,2199,74,true,173,66,975,2023-05-30 01:55:39,https://github.com/karmada-io/karmada/blob/master/CODE_OF_CONDUCT.md,3959.0,801,174
181,64754,karmada,https://github.com/karmada-io/karmada,2023-04-26 13:46:24,650,3312,Apache License 2.0,66,2213,74,true,174,66,989,2023-06-02 09:14:04,https://github.com/karmada-io/karmada/blob/master/CODE_OF_CONDUCT.md,3980.0,806,183
182,64754,karmada,https://github.com/karmada-io/karmada,2023-04-26 13:46:24,651,3319,Apache License 2.0,68,2223,79,true,174,68,996,2023-06-08 09:22:52,https://github.com/karmada-io/karmada/blob/master/CODE_OF_CONDUCT.md,3997.0,809,187
183,64754,karmada,https://github.com/karmada-io/karmada,2023-04-26 13:46:24,651,3325,Apache License 2.0,68,2228,78,true,174,68,997,2023-06-12 00:56:37,https://github.com/karmada-io/karmada/blob/master/CODE_OF_CONDUCT.md,4007.0,810,187
184,64754,karmada,https://github.com/karmada-io/karmada,2023-04-26 13:46:24,652,3325,Apache License 2.0,68,2233,76,true,176,68,1000,2023-06-13 06:20:44,https://github.com/karmada-io/karmada/blob/master/CODE_OF_CONDUCT.md,4017.0,812,188
185,64754,karmada,https://github.com/karmada-io/karmada,2023-04-26 13:46:24,653,3326,Apache License 2.0,68,2236,71,true,176,68,1005,2023-06-17 05:37:15,https://github.com/karmada-io/karmada/blob/master/CODE_OF_CONDUCT.md,4023.0,817,188
186,64754,karmada,https://github.com/karmada-io/karmada,2023-04-26 13:46:24,654,3332,Apache License 2.0,68,2237,71,true,176,68,1008,2023-06-19 19:29:41,https://github.com/karmada-io/karmada/blob/master/CODE_OF_CONDUCT.md,4025.0,817,191
187,64754,karmada,https://github.com/karmada-io/karmada,2023-04-26 13:46:24,657,3339,Apache License 2.0,68,2245,70,true,177,68,1013,2023-06-22 11:33:52,https://github.com/karmada-io/karmada/blob/master/CODE_OF_CONDUCT.md,4041.0,822,191
188,64754,karmada,https://github.com/karmada-io/karmada,2023-04-26 13:46:24,658,3342,Apache License 2.0,68,2245,70,true,177,68,1015,2023-06-25 03:25:04,https://github.com/karmada-io/karmada/blob/master/CODE_OF_CONDUCT.md,4041.0,823,192
189,64754,karmada,https://github.com/karmada-io/karmada,2023-04-26 13:46:24,660,3347,Apache License 2.0,67,2259,75,true,177,67,1022,2023-06-27 01:37:40,https://github.com/karmada-io/karmada/blob/master/CODE_OF_CONDUCT.md,4061.0,827,195
190,64754,karmada,https://github.com/karmada-io/karmada,2023-04-26 13:46:24,667,3370,Apache License 2.0,67,2287,73,true,180,67,1044,2023-07-06 11:48:54,https://github.com/karmada-io/karmada/blob/master/CODE_OF_CONDUCT.md,4107.0,846,198
191,64754,karmada,https://github.com/karmada-io/karmada,2023-04-26 13:46:24,670,3379,Apache License 2.0,67,2289,73,true,180,67,1044,2023-07-08 17:16:21,https://github.com/karmada-io/karmada/blob/master/CODE_OF_CONDUCT.md,4111.0,847,197
192,64754,karmada,https://github.com/karmada-io/karmada,2023-04-26 13:46:24,681,3385,Apache License 2.0,67,2290,73,true,180,67,1044,2023-07-10 16:24:04,https://github.com/karmada-io/karmada/blob/master/CODE_OF_CONDUCT.md,4113.0,848,196
193,64754,karmada,https://github.com/karmada-io/karmada,2023-04-26 13:46:24,686,3387,Apache License 2.0,67,2290,76,true,180,67,1046,2023-07-11 19:55:03,https://github.com/karmada-io/karmada/blob/master/CODE_OF_CONDUCT.md,4113.0,848,198
194,64754,karmada,https://github.com/karmada-io/karmada,2023-04-26 13:46:24,688,3391,Apache License 2.0,67,2294,74,true,180,67,1047,2023-07-12 10:37:42,https://github.com/karmada-io/karmada/blob/master/CODE_OF_CONDUCT.md,4117.0,850,197
195,64754,karmada,https://github.com/karmada-io/karmada,2023-04-26 13:46:24,691,3393,Apache License 2.0,66,2297,74,true,180,66,1049,2023-07-14 03:18:56,https://github.com/karmada-io/karmada/blob/master/CODE_OF_CONDUCT.md,4123.0,850,199
196,64754,karmada,https://github.com/karmada-io/karmada,2023-04-26 13:46:24,696,3398,Apache License 2.0,66,2297,78,true,180,66,1049,2023-07-14 10:44:47,https://github.com/karmada-io/karmada/blob/master/CODE_OF_CONDUCT.md,4123.0,850,199
197,64754,karmada,https://github.com/karmada-io/karmada,2023-04-26 13:46:24,700,3400,Apache License 2.0,66,2298,77,true,180,66,1049,2023-07-15 19:55:47,https://github.com/karmada-io/karmada/blob/master/CODE_OF_CONDUCT.md,4125.0,850,199
198,64754,karmada,https://github.com/karmada-io/karmada,2023-04-26 13:46:24,702,3403,Apache License 2.0,66,2301,74,true,180,66,1052,2023-07-17 07:59:11,https://github.com/karmada-io/karmada/blob/master/CODE_OF_CONDUCT.md,4131.0,853,199
199,64754,karmada,https://github.com/karmada-io/karmada,2023-04-26 13:46:24,671,3409,Apache License 2.0,67,2303,77,true,180,67,1054,2023-07-18 15:51:44,https://github.com/karmada-io/karmada/blob/master/CODE_OF_CONDUCT.md,4135.0,856,198
200,64754,karmada,https://github.com/karmada-io/karmada,2023-04-26 13:46:24,673,3411,Apache License 2.0,67,2304,79,true,180,67,1057,2023-07-19 12:06:10,https://github.com/karmada-io/karmada/blob/master/CODE_OF_CONDUCT.md,4137.0,857,200
201,64754,karmada,https://github.com/karmada-io/karmada,2023-04-26 13:46:24,674,3411,Apache License 2.0,67,2307,81,true,181,67,1060,2023-07-20 11:52:35,https://github.com/karmada-io/karmada/blob/master/CODE_OF_CONDUCT.md,4143.0,858,202
202,64754,karmada,https://github.com/karmada-io/karmada,2023-04-26 13:46:24,683,3415,Apache License 2.0,67,2308,84,true,181,67,1062,2023-07-21 09:45:24,https://github.com/karmada-io/karmada/blob/master/CODE_OF_CONDUCT.md,4145.0,858,204
203,64754,karmada,https://github.com/karmada-io/karmada,2023-04-26 13:46:24,688,3417,Apache License 2.0,67,2308,85,true,181,67,1062,2023-07-22 19:07:51,https://github.com/karmada-io/karmada/blob/master/CODE_OF_CONDUCT.md,4145.0,858,204
204,64754,karmada,https://github.com/karmada-io/karmada,2023-04-26 13:46:24,689,3417,Apache License 2.0,67,2310,83,true,181,67,1062,2023-07-22 19:07:51,https://github.com/karmada-io/karmada/blob/master/CODE_OF_CONDUCT.md,4149.0,858,204
205,64754,karmada,https://github.com/karmada-io/karmada,2023-04-26 13:46:24,692,3420,Apache License 2.0,67,2313,81,true,181,67,1062,2023-07-24 11:18:07,https://github.com/karmada-io/karmada/blob/master/CODE_OF_CONDUCT.md,4155.0,858,204
206,64754,karmada,https://github.com/karmada-io/karmada,2023-04-26 13:46:24,697,3421,Apache License 2.0,67,2314,86,true,181,67,1064,2023-07-25 10:31:06,https://github.com/karmada-io/karmada/blob/master/CODE_OF_CONDUCT.md,4157.0,858,206
207,64754,karmada,https://github.com/karmada-io/karmada,2023-04-26 13:46:24,700,3423,Apache License 2.0,67,2315,87,true,181,67,1064,2023-07-26 20:09:44,https://github.com/karmada-io/karmada/blob/master/CODE_OF_CONDUCT.md,4159.0,859,205
208,64754,karmada,https://github.com/karmada-io/karmada,2023-04-26 13:46:24,702,3424,Apache License 2.0,67,2316,89,true,181,67,1069,2023-07-27 03:47:37,https://github.com/karmada-io/karmada/blob/master/CODE_OF_CONDUCT.md,4161.0,860,209
209,64754,karmada,https://github.com/karmada-io/karmada,2023-04-26 13:46:24,704,3426,Apache License 2.0,67,2320,89,true,181,67,1072,2023-07-28 10:12:32,https://github.com/karmada-io/karmada/blob/master/CODE_OF_CONDUCT.md,4167.0,863,209
210,64754,karmada,https://github.com/karmada-io/karmada,2023-04-26 13:46:24,711,3427,Apache License 2.0,67,2323,90,true,181,67,1073,2023-07-30 00:17:50,https://github.com/karmada-io/karmada/blob/master/CODE_OF_CONDUCT.md,4173.0,864,209
211,64754,karmada,https://github.com/karmada-io/karmada,2023-04-26 13:46:24,714,3429,Apache License 2.0,67,2324,89,true,181,67,1073,2023-07-30 18:18:45,https://github.com/karmada-io/karmada/blob/master/CODE_OF_CONDUCT.md,4175.0,864,209
212,64754,karmada,https://github.com/karmada-io/karmada,2023-04-26 13:46:24,723,3431,Apache License 2.0,67,2331,84,true,182,67,1077,2023-07-31 18:34:38,https://github.com/karmada-io/karmada/blob/master/CODE_OF_CONDUCT.md,4191.0,866,211
213,64754,karmada,https://github.com/karmada-io/karmada,2023-04-26 13:46:24,726,3434,Apache License 2.0,67,2333,87,true,182,67,1081,2023-08-02 04:46:16,https://github.com/karmada-io/karmada/blob/master/CODE_OF_CONDUCT.md,4195.0,867,214
214,64754,karmada,https://github.com/karmada-io/karmada,2023-04-26 13:46:24,731,3439,Apache License 2.0,67,2345,83,true,183,67,1083,2023-08-03 04:14:45,https://github.com/karmada-io/karmada/blob/master/CODE_OF_CONDUCT.md,4213.0,869,214
215,64754,karmada,https://github.com/karmada-io/karmada,2023-04-26 13:46:24,737,3443,Apache License 2.0,67,2349,86,true,183,67,1085,2023-08-04 08:25:35,https://github.com/karmada-io/karmada/blob/master/CODE_OF_CONDUCT.md,4215.0,871,214
216,64754,karmada,https://github.com/karmada-io/karmada,2023-04-26 13:46:24,742,3445,Apache License 2.0,67,2349,89,true,183,67,1085,2023-08-05 08:03:15,https://github.com/karmada-io/karmada/blob/master/CODE_OF_CONDUCT.md,4215.0,871,214
217,64754,karmada,https://github.com/karmada-io/karmada,2023-04-26 13:46:24,744,3446,Apache License 2.0,67,2350,88,true,184,67,1086,2023-08-06 10:06:22,https://github.com/karmada-io/karmada/blob/master/CODE_OF_CONDUCT.md,4217.0,871,215
218,64754,karmada,https://github.com/karmada-io/karmada,2023-04-26 13:46:24,743,3447,Apache License 2.0,67,2353,88,true,184,67,1088,2023-08-07 02:13:23,https://github.com/karmada-io/karmada/blob/master/CODE_OF_CONDUCT.md,4221.0,871,217
219,64754,karmada,https://github.com/karmada-io/karmada,2023-04-26 13:46:24,745,3449,Apache License 2.0,67,2354,91,true,184,67,1090,2023-08-08 10:55:29,https://github.com/karmada-io/karmada/blob/master/CODE_OF_CONDUCT.md,4223.0,874,216
220,64754,karmada,https://github.com/karmada-io/karmada,2023-04-26 13:46:24,749,3452,Apache License 2.0,67,2360,92,true,183,67,1095,2023-08-09 09:27:03,https://github.com/karmada-io/karmada/blob/master/CODE_OF_CONDUCT.md,4235.0,877,218
221,64754,karmada,https://github.com/karmada-io/karmada,2023-04-26 13:46:24,749,3455,Apache License 2.0,67,2364,92,true,183,67,1096,2023-08-10 13:47:54,https://github.com/karmada-io/karmada/blob/master/CODE_OF_CONDUCT.md,4239.0,879,217
222,64754,karmada,https://github.com/karmada-io/karmada,2023-04-26 13:46:24,750,3458,Apache License 2.0,67,2365,92,true,183,67,1097,2023-08-11 15:28:08,https://github.com/karmada-io/karmada/blob/master/CODE_OF_CONDUCT.md,4241.0,897,200
223,64754,karmada,https://github.com/karmada-io/karmada,2023-04-26 13:46:24,765,3459,Apache License 2.0,67,2365,92,true,183,67,1097,2023-08-11 21:48:04,https://github.com/karmada-io/karmada/blob/master/CODE_OF_CONDUCT.md,4241.0,897,200
224,64754,karmada,https://github.com/karmada-io/karmada,2023-04-26 13:46:24,773,3462,Apache License 2.0,68,2369,92,true,182,68,1100,2023-08-14 10:38:14,https://github.com/karmada-io/karmada/blob/master/CODE_OF_CONDUCT.md,4249.0,899,201
225,64754,karmada,https://github.com/karmada-io/karmada,2023-04-26 13:46:24,790,3466,Apache License 2.0,68,2374,91,true,184,68,1102,2023-08-16 17:23:46,https://github.com/karmada-io/karmada/blob/master/CODE_OF_CONDUCT.md,4259.0,901,201
226,64754,karmada,https://github.com/karmada-io/karmada,2023-04-26 13:46:24,794,3470,Apache License 2.0,68,2376,92,true,185,68,1102,2023-08-17 20:05:18,https://github.com/karmada-io/karmada/blob/master/CODE_OF_CONDUCT.md,4262.0,904,198
227,64754,karmada,https://github.com/karmada-io/karmada,2023-04-26 13:46:24,795,3471,Apache License 2.0,68,2380,90,true,100,68,1104,2023-08-18 18:35:14,https://github.com/karmada-io/karmada/blob/master/CODE_OF_CONDUCT.md,4270.0,905,199
228,64754,karmada,https://github.com/karmada-io/karmada,2023-04-26 13:46:24,800,3480,Apache License 2.0,68,2405,90,true,186,68,1128,2023-08-24 20:51:44,https://github.com/karmada-io/karmada/blob/master/CODE_OF_CONDUCT.md,4314.0,922,206
229,64754,karmada,https://github.com/karmada-io/karmada,2023-04-26 13:46:24,800,3481,Apache License 2.0,68,2406,90,true,186,68,1128,2023-08-28 11:09:46,https://github.com/karmada-io/karmada/blob/master/CODE_OF_CONDUCT.md,4316.0,922,206
230,64754,karmada,https://github.com/karmada-io/karmada,2023-04-26 13:46:24,801,3483,Apache License 2.0,68,2411,86,true,186,68,1131,2023-08-30 07:41:37,https://github.com/karmada-io/karmada/blob/master/CODE_OF_CONDUCT.md,4326.0,925,206
231,64754,karmada,https://github.com/karmada-io/karmada,2023-04-26 13:46:24,734,3484,Apache License 2.0,68,2414,86,true,186,68,1131,2023-08-31 04:40:13,https://github.com/karmada-io/karmada/blob/master/CODE_OF_CONDUCT.md,4332.0,925,206
232,64756,kube-ovn,https://github.com/kubeovn/kube-ovn,2023-04-26 13:46:24,360,1510,Apache License 2.0,61,1714,8,true,80,61,558,2023-03-07 06:06:50,https://github.com/kubeovn/kube-ovn/blob/master/CODE_OF_CONDUCT.md,2886.0,510,48
233,64756,kube-ovn,https://github.com/kubeovn/kube-ovn,2023-04-26 13:46:24,360,1510,Apache License 2.0,61,1718,4,true,80,61,559,2023-03-07 06:06:50,https://github.com/kubeovn/kube-ovn/blob/master/CODE_OF_CONDUCT.md,2887.0,510,49
234,64756,kube-ovn,https://github.com/kubeovn/kube-ovn,2023-04-26 13:46:24,362,1511,Apache License 2.0,61,1721,8,true,80,61,563,2023-03-08 14:42:51,https://github.com/kubeovn/kube-ovn/blob/master/CODE_OF_CONDUCT.md,2890.0,511,52
235,64756,kube-ovn,https://github.com/kubeovn/kube-ovn,2023-04-26 13:46:24,362,1513,Apache License 2.0,61,1731,9,true,80,61,567,2023-03-10 14:08:41,https://github.com/kubeovn/kube-ovn/blob/master/CODE_OF_CONDUCT.md,2900.0,513,54
236,64756,kube-ovn,https://github.com/kubeovn/kube-ovn,2023-04-26 13:46:24,363,1525,Apache License 2.0,62,1776,11,true,81,62,585,2023-03-21 08:43:26,https://github.com/kubeovn/kube-ovn/blob/master/CODE_OF_CONDUCT.md,2946.0,523,62
237,64756,kube-ovn,https://github.com/kubeovn/kube-ovn,2023-04-26 13:46:24,363,1527,Apache License 2.0,62,1785,6,true,81,62,586,2023-03-23 03:13:04,https://github.com/kubeovn/kube-ovn/blob/master/CODE_OF_CONDUCT.md,2955.0,528,58
238,64756,kube-ovn,https://github.com/kubeovn/kube-ovn,2023-04-26 13:46:24,371,1542,Apache License 2.0,62,1860,10,true,83,62,619,2023-04-18 11:45:28,https://github.com/kubeovn/kube-ovn/blob/master/CODE_OF_CONDUCT.md,3026.0,547,72
239,64756,kube-ovn,https://github.com/kubeovn/kube-ovn,2023-04-26 13:46:24,373,1555,Apache License 2.0,63,1887,10,true,84,63,637,2023-04-26 10:38:28,https://github.com/kubeovn/kube-ovn/blob/master/CODE_OF_CONDUCT.md,3049.0,564,73
240,64756,kube-ovn,https://github.com/kubeovn/kube-ovn,2023-04-26 13:46:24,373,1555,Apache License 2.0,63,1887,10,true,84,63,637,2023-04-26 10:38:28,https://github.com/kubeovn/kube-ovn/blob/master/CODE_OF_CONDUCT.md,3049.0,564,73
241,64756,kube-ovn,https://github.com/kubeovn/kube-ovn,2023-04-26 13:46:24,373,1557,Apache License 2.0,63,1894,8,true,84,63,644,2023-04-28 16:31:37,https://github.com/kubeovn/kube-ovn/blob/master/CODE_OF_CONDUCT.md,3052.0,566,78
242,64756,kube-ovn,https://github.com/kubeovn/kube-ovn,2023-04-26 13:46:24,373,1557,Apache License 2.0,62,1894,9,true,84,62,646,2023-04-28 16:31:37,https://github.com/kubeovn/kube-ovn/blob/master/CODE_OF_CONDUCT.md,3052.0,566,80
243,64756,kube-ovn,https://github.com/kubeovn/kube-ovn,2023-04-26 13:46:24,376,1563,Apache License 2.0,61,1929,6,true,84,61,653,2023-05-09 05:38:41,https://github.com/kubeovn/kube-ovn/blob/master/CODE_OF_CONDUCT.md,3084.0,594,59
244,64756,kube-ovn,https://github.com/kubeovn/kube-ovn,2023-04-26 13:46:24,375,1568,Apache License 2.0,62,1940,4,true,84,62,663,2023-05-13 09:51:09,https://github.com/kubeovn/kube-ovn/blob/master/CODE_OF_CONDUCT.md,3095.0,597,66
245,64756,kube-ovn,https://github.com/kubeovn/kube-ovn,2023-04-26 13:46:24,379,1573,Apache License 2.0,61,1952,6,true,85,61,671,2023-05-17 08:22:19,https://github.com/kubeovn/kube-ovn/blob/master/CODE_OF_CONDUCT.md,3107.0,606,65
246,64756,kube-ovn,https://github.com/kubeovn/kube-ovn,2023-04-26 13:46:24,384,1581,Apache License 2.0,60,1970,6,true,85,60,674,2023-05-23 07:45:39,https://github.com/kubeovn/kube-ovn/blob/master/CODE_OF_CONDUCT.md,3120.0,608,66
247,64756,kube-ovn,https://github.com/kubeovn/kube-ovn,2023-04-26 13:46:24,384,1584,Apache License 2.0,60,1983,4,true,85,60,685,2023-05-26 12:09:13,https://github.com/kubeovn/kube-ovn/blob/master/CODE_OF_CONDUCT.md,3134.0,612,73
248,64756,kube-ovn,https://github.com/kubeovn/kube-ovn,2023-04-26 13:46:24,384,1588,Apache License 2.0,60,1993,4,true,85,60,692,2023-06-02 10:00:59,https://github.com/kubeovn/kube-ovn/blob/master/CODE_OF_CONDUCT.md,3148.0,620,72
249,64756,kube-ovn,https://github.com/kubeovn/kube-ovn,2023-04-26 13:46:24,383,1590,Apache License 2.0,60,2005,7,true,85,60,698,2023-06-08 07:23:09,https://github.com/kubeovn/kube-ovn/blob/master/CODE_OF_CONDUCT.md,3164.0,620,78
250,64756,kube-ovn,https://github.com/kubeovn/kube-ovn,2023-04-26 13:46:24,383,1591,Apache License 2.0,60,2011,7,true,86,60,702,2023-06-12 03:55:47,https://github.com/kubeovn/kube-ovn/blob/master/CODE_OF_CONDUCT.md,3170.0,623,79
251,64756,kube-ovn,https://github.com/kubeovn/kube-ovn,2023-04-26 13:46:24,382,1591,Apache License 2.0,60,2023,3,true,86,60,703,2023-06-14 02:16:02,https://github.com/kubeovn/kube-ovn/blob/master/CODE_OF_CONDUCT.md,3179.0,628,75
252,64756,kube-ovn,https://github.com/kubeovn/kube-ovn,2023-04-26 13:46:24,382,1597,Apache License 2.0,61,2035,3,true,86,61,705,2023-06-17 14:41:41,https://github.com/kubeovn/kube-ovn/blob/master/CODE_OF_CONDUCT.md,3188.0,630,75
253,64756,kube-ovn,https://github.com/kubeovn/kube-ovn,2023-04-26 13:46:24,383,1598,Apache License 2.0,61,2041,7,true,86,61,708,2023-06-18 12:51:48,https://github.com/kubeovn/kube-ovn/blob/master/CODE_OF_CONDUCT.md,3193.0,633,75
254,64756,kube-ovn,https://github.com/kubeovn/kube-ovn,2023-04-26 13:46:24,384,1602,Apache License 2.0,61,2050,4,true,86,61,708,2023-06-21 14:16:56,https://github.com/kubeovn/kube-ovn/blob/master/CODE_OF_CONDUCT.md,3198.0,635,73
255,64756,kube-ovn,https://github.com/kubeovn/kube-ovn,2023-04-26 13:46:24,386,1606,Apache License 2.0,61,2051,4,true,86,61,708,2023-06-25 02:29:15,https://github.com/kubeovn/kube-ovn/blob/master/CODE_OF_CONDUCT.md,3199.0,636,72
256,64756,kube-ovn,https://github.com/kubeovn/kube-ovn,2023-04-26 13:46:24,386,1607,Apache License 2.0,62,2060,6,true,86,62,710,2023-06-27 01:35:51,https://github.com/kubeovn/kube-ovn/blob/master/CODE_OF_CONDUCT.md,3208.0,638,72
257,64756,kube-ovn,https://github.com/kubeovn/kube-ovn,2023-04-26 13:46:24,387,1614,Apache License 2.0,61,2076,6,true,86,61,717,2023-07-06 07:50:49,https://github.com/kubeovn/kube-ovn/blob/master/CODE_OF_CONDUCT.md,3221.0,650,67
258,64756,kube-ovn,https://github.com/kubeovn/kube-ovn,2023-04-26 13:46:24,390,1616,Apache License 2.0,61,2084,2,true,86,61,718,2023-07-08 11:22:57,https://github.com/kubeovn/kube-ovn/blob/master/CODE_OF_CONDUCT.md,3229.0,650,68
259,64756,kube-ovn,https://github.com/kubeovn/kube-ovn,2023-04-26 13:46:24,394,1619,Apache License 2.0,61,2086,4,true,86,61,720,2023-07-10 06:34:41,https://github.com/kubeovn/kube-ovn/blob/master/CODE_OF_CONDUCT.md,3231.0,652,68
260,64756,kube-ovn,https://github.com/kubeovn/kube-ovn,2023-04-26 13:46:24,397,1619,Apache License 2.0,61,2088,4,true,86,61,720,2023-07-10 06:34:41,https://github.com/kubeovn/kube-ovn/blob/master/CODE_OF_CONDUCT.md,3234.0,653,67
261,64756,kube-ovn,https://github.com/kubeovn/kube-ovn,2023-04-26 13:46:24,399,1622,Apache License 2.0,61,2093,1,true,86,61,722,2023-07-12 08:19:23,https://github.com/kubeovn/kube-ovn/blob/master/CODE_OF_CONDUCT.md,3239.0,655,67
262,64756,kube-ovn,https://github.com/kubeovn/kube-ovn,2023-04-26 13:46:24,404,1622,Apache License 2.0,61,2095,3,true,86,61,723,2023-07-13 07:12:35,https://github.com/kubeovn/kube-ovn/blob/master/CODE_OF_CONDUCT.md,3241.0,655,68
263,64756,kube-ovn,https://github.com/kubeovn/kube-ovn,2023-04-26 13:46:24,408,1622,Apache License 2.0,61,2097,4,true,86,61,723,2023-07-13 07:12:35,https://github.com/kubeovn/kube-ovn/blob/master/CODE_OF_CONDUCT.md,3242.0,657,66
264,64756,kube-ovn,https://github.com/kubeovn/kube-ovn,2023-04-26 13:46:24,408,1622,Apache License 2.0,61,2097,4,true,86,61,723,2023-07-13 07:12:35,https://github.com/kubeovn/kube-ovn/blob/master/CODE_OF_CONDUCT.md,3242.0,657,66
265,64756,kube-ovn,https://github.com/kubeovn/kube-ovn,2023-04-26 13:46:24,409,1623,Apache License 2.0,61,2097,4,true,86,61,723,2023-07-16 06:23:16,https://github.com/kubeovn/kube-ovn/blob/master/CODE_OF_CONDUCT.md,3242.0,658,65
266,64756,kube-ovn,https://github.com/kubeovn/kube-ovn,2023-04-26 13:46:24,390,1623,Apache License 2.0,61,2102,3,true,86,61,728,2023-07-16 06:23:16,https://github.com/kubeovn/kube-ovn/blob/master/CODE_OF_CONDUCT.md,3247.0,660,68
267,64756,kube-ovn,https://github.com/kubeovn/kube-ovn,2023-04-26 13:46:24,392,1623,Apache License 2.0,61,2105,2,true,86,61,728,2023-07-16 06:23:16,https://github.com/kubeovn/kube-ovn/blob/master/CODE_OF_CONDUCT.md,3250.0,662,66
268,64756,kube-ovn,https://github.com/kubeovn/kube-ovn,2023-04-26 13:46:24,395,1623,Apache License 2.0,61,2106,2,true,86,61,728,2023-07-16 06:23:16,https://github.com/kubeovn/kube-ovn/blob/master/CODE_OF_CONDUCT.md,3251.0,663,65
269,64756,kube-ovn,https://github.com/kubeovn/kube-ovn,2023-04-26 13:46:24,396,1623,Apache License 2.0,61,2106,3,true,86,61,729,2023-07-16 06:23:16,https://github.com/kubeovn/kube-ovn/blob/master/CODE_OF_CONDUCT.md,3251.0,664,65
270,64756,kube-ovn,https://github.com/kubeovn/kube-ovn,2023-04-26 13:46:24,400,1623,Apache License 2.0,61,2106,4,true,86,61,729,2023-07-16 06:23:16,https://github.com/kubeovn/kube-ovn/blob/master/CODE_OF_CONDUCT.md,3251.0,664,65
271,64756,kube-ovn,https://github.com/kubeovn/kube-ovn,2023-04-26 13:46:24,403,1624,Apache License 2.0,61,2109,4,true,86,61,729,2023-07-24 02:57:48,https://github.com/kubeovn/kube-ovn/blob/master/CODE_OF_CONDUCT.md,3254.0,664,65
272,64756,kube-ovn,https://github.com/kubeovn/kube-ovn,2023-04-26 13:46:24,406,1625,Apache License 2.0,61,2113,3,true,86,61,730,2023-07-24 11:13:23,https://github.com/kubeovn/kube-ovn/blob/master/CODE_OF_CONDUCT.md,3259.0,665,65
273,64756,kube-ovn,https://github.com/kubeovn/kube-ovn,2023-04-26 13:46:24,410,1626,Apache License 2.0,60,2117,5,true,86,60,732,2023-07-25 06:52:03,https://github.com/kubeovn/kube-ovn/blob/master/CODE_OF_CONDUCT.md,3263.0,667,65
274,64756,kube-ovn,https://github.com/kubeovn/kube-ovn,2023-04-26 13:46:24,411,1627,Apache License 2.0,60,2120,3,true,86,60,733,2023-07-26 07:34:41,https://github.com/kubeovn/kube-ovn/blob/master/CODE_OF_CONDUCT.md,3267.0,668,65
275,64756,kube-ovn,https://github.com/kubeovn/kube-ovn,2023-04-26 13:46:24,412,1627,Apache License 2.0,60,2122,3,true,86,60,735,2023-07-26 07:34:41,https://github.com/kubeovn/kube-ovn/blob/master/CODE_OF_CONDUCT.md,3270.0,669,66
276,64756,kube-ovn,https://github.com/kubeovn/kube-ovn,2023-04-26 13:46:24,412,1628,Apache License 2.0,60,2123,4,true,86,60,737,2023-07-28 09:04:31,https://github.com/kubeovn/kube-ovn/blob/master/CODE_OF_CONDUCT.md,3271.0,669,68
277,64756,kube-ovn,https://github.com/kubeovn/kube-ovn,2023-04-26 13:46:24,414,1628,Apache License 2.0,60,2124,7,true,86,60,737,2023-07-28 09:04:31,https://github.com/kubeovn/kube-ovn/blob/master/CODE_OF_CONDUCT.md,3272.0,670,67
278,64756,kube-ovn,https://github.com/kubeovn/kube-ovn,2023-04-26 13:46:24,417,1629,Apache License 2.0,60,2129,2,true,86,60,738,2023-07-31 02:15:13,https://github.com/kubeovn/kube-ovn/blob/master/CODE_OF_CONDUCT.md,3277.0,672,66
279,64756,kube-ovn,https://github.com/kubeovn/kube-ovn,2023-04-26 13:46:24,422,1631,Apache License 2.0,60,2130,5,true,86,60,739,2023-08-01 05:50:42,https://github.com/kubeovn/kube-ovn/blob/master/CODE_OF_CONDUCT.md,3278.0,672,67
280,64756,kube-ovn,https://github.com/kubeovn/kube-ovn,2023-04-26 13:46:24,423,1631,Apache License 2.0,60,2131,8,true,86,60,742,2023-08-01 05:50:42,https://github.com/kubeovn/kube-ovn/blob/master/CODE_OF_CONDUCT.md,3279.0,674,68
281,64756,kube-ovn,https://github.com/kubeovn/kube-ovn,2023-04-26 13:46:24,425,1632,Apache License 2.0,60,2134,5,true,86,60,743,2023-08-03 06:11:38,https://github.com/kubeovn/kube-ovn/blob/master/CODE_OF_CONDUCT.md,3282.0,675,68
282,64756,kube-ovn,https://github.com/kubeovn/kube-ovn,2023-04-26 13:46:24,425,1634,Apache License 2.0,60,2137,4,true,87,60,744,2023-08-03 17:24:33,https://github.com/kubeovn/kube-ovn/blob/master/CODE_OF_CONDUCT.md,3285.0,676,68
283,64756,kube-ovn,https://github.com/kubeovn/kube-ovn,2023-04-26 13:46:24,425,1634,Apache License 2.0,60,2138,6,true,87,60,744,2023-08-03 17:24:33,https://github.com/kubeovn/kube-ovn/blob/master/CODE_OF_CONDUCT.md,3286.0,676,68
284,64756,kube-ovn,https://github.com/kubeovn/kube-ovn,2023-04-26 13:46:24,425,1634,Apache License 2.0,60,2138,6,true,87,60,744,2023-08-03 17:24:33,https://github.com/kubeovn/kube-ovn/blob/master/CODE_OF_CONDUCT.md,3286.0,676,68
285,64756,kube-ovn,https://github.com/kubeovn/kube-ovn,2023-04-26 13:46:24,425,1635,Apache License 2.0,60,2142,4,true,87,60,744,2023-08-07 00:48:35,https://github.com/kubeovn/kube-ovn/blob/master/CODE_OF_CONDUCT.md,3290.0,679,65
286,64756,kube-ovn,https://github.com/kubeovn/kube-ovn,2023-04-26 13:46:24,428,1636,Apache License 2.0,60,2144,5,true,87,60,744,2023-08-08 01:27:26,https://github.com/kubeovn/kube-ovn/blob/master/CODE_OF_CONDUCT.md,3294.0,679,65
287,64756,kube-ovn,https://github.com/kubeovn/kube-ovn,2023-04-26 13:46:24,429,1638,Apache License 2.0,60,2148,3,true,87,60,745,2023-08-09 09:15:43,https://github.com/kubeovn/kube-ovn/blob/master/CODE_OF_CONDUCT.md,3298.0,679,66
288,64756,kube-ovn,https://github.com/kubeovn/kube-ovn,2023-04-26 13:46:24,429,1638,Apache License 2.0,60,2148,5,true,87,60,746,2023-08-09 09:15:43,https://github.com/kubeovn/kube-ovn/blob/master/CODE_OF_CONDUCT.md,3298.0,679,67
289,64756,kube-ovn,https://github.com/kubeovn/kube-ovn,2023-04-26 13:46:24,434,1640,Apache License 2.0,60,2148,8,true,87,60,748,2023-08-12 06:42:15,https://github.com/kubeovn/kube-ovn/blob/master/CODE_OF_CONDUCT.md,3298.0,680,68
290,64756,kube-ovn,https://github.com/kubeovn/kube-ovn,2023-04-26 13:46:24,439,1640,Apache License 2.0,60,2153,5,true,87,60,748,2023-08-12 06:42:15,https://github.com/kubeovn/kube-ovn/blob/master/CODE_OF_CONDUCT.md,3303.0,680,68
291,64756,kube-ovn,https://github.com/kubeovn/kube-ovn,2023-04-26 13:46:24,441,1644,Apache License 2.0,60,2153,6,true,87,60,748,2023-08-15 08:37:50,https://github.com/kubeovn/kube-ovn/blob/master/CODE_OF_CONDUCT.md,3303.0,681,67
292,64756,kube-ovn,https://github.com/kubeovn/kube-ovn,2023-04-26 13:46:24,446,1644,Apache License 2.0,60,2155,8,true,87,60,748,2023-08-15 08:37:50,https://github.com/kubeovn/kube-ovn/blob/master/CODE_OF_CONDUCT.md,3305.0,681,67
293,64756,kube-ovn,https://github.com/kubeovn/kube-ovn,2023-04-26 13:46:24,447,1644,Apache License 2.0,60,2160,7,true,87,60,748,2023-08-15 08:37:50,https://github.com/kubeovn/kube-ovn/blob/master/CODE_OF_CONDUCT.md,3309.0,681,67
294,64756,kube-ovn,https://github.com/kubeovn/kube-ovn,2023-04-26 13:46:24,450,1644,Apache License 2.0,60,2160,9,true,87,60,748,2023-08-15 08:37:50,https://github.com/kubeovn/kube-ovn/blob/master/CODE_OF_CONDUCT.md,3309.0,681,67
295,64756,kube-ovn,https://github.com/kubeovn/kube-ovn,2023-04-26 13:46:24,455,1651,Apache License 2.0,60,2165,12,true,87,60,749,2023-08-27 06:54:20,https://github.com/kubeovn/kube-ovn/blob/master/CODE_OF_CONDUCT.md,3314.0,682,67
296,64756,kube-ovn,https://github.com/kubeovn/kube-ovn,2023-04-26 13:46:24,455,1651,Apache License 2.0,60,2165,12,true,87,60,750,2023-08-27 06:54:20,https://github.com/kubeovn/kube-ovn/blob/master/CODE_OF_CONDUCT.md,3314.0,682,68
297,64756,kube-ovn,https://github.com/kubeovn/kube-ovn,2023-04-26 13:46:24,457,1653,Apache License 2.0,59,2166,14,true,87,59,754,2023-08-30 17:40:56,https://github.com/kubeovn/kube-ovn/blob/master/CODE_OF_CONDUCT.md,3314.0,684,70
298,64756,kube-ovn,https://github.com/kubeovn/kube-ovn,2023-04-26 13:46:24,421,1654,Apache License 2.0,59,2166,15,true,87,59,754,2023-08-31 08:47:56,https://github.com/kubeovn/kube-ovn/blob/master/CODE_OF_CONDUCT.md,3314.0,684,70
299,61187,kubeedge,https://github.com/kubeedge/kubeedge,2023-04-26 13:46:24,1453,5506,Apache License 2.0,180,2078,73,true,247,180,1669,2022-12-11 11:43:57,https://github.com/kubeedge/kubeedge/blob/master/CODE_OF_CONDUCT.md,4564.0,1327,342
300,61187,kubeedge,https://github.com/kubeedge/kubeedge,2023-04-26 13:46:24,1456,5504,Apache License 2.0,180,2078,77,true,247,180,1670,2022-12-13 15:36:54,https://github.com/kubeedge/kubeedge/blob/master/CODE_OF_CONDUCT.md,4564.0,1327,343
301,61187,kubeedge,https://github.com/kubeedge/kubeedge,2023-04-26 13:46:24,1460,5509,Apache License 2.0,180,2078,79,true,247,180,1673,2022-12-15 12:46:36,https://github.com/kubeedge/kubeedge/blob/master/CODE_OF_CONDUCT.md,4564.0,1328,345
302,61187,kubeedge,https://github.com/kubeedge/kubeedge,2023-04-26 13:46:24,1461,5509,Apache License 2.0,180,2078,80,true,247,180,1674,2022-12-16 11:46:12,https://github.com/kubeedge/kubeedge/blob/master/CODE_OF_CONDUCT.md,4564.0,1328,346
303,61187,kubeedge,https://github.com/kubeedge/kubeedge,2023-04-26 13:46:24,1461,5522,Apache License 2.0,181,2079,73,true,247,181,1675,2022-12-24 06:37:42,https://github.com/kubeedge/kubeedge/blob/master/CODE_OF_CONDUCT.md,4566.0,1330,345
304,61187,kubeedge,https://github.com/kubeedge/kubeedge,2023-04-26 13:46:24,1460,5524,Apache License 2.0,181,2079,73,true,247,181,1676,2022-12-26 12:06:30,https://github.com/kubeedge/kubeedge/blob/master/CODE_OF_CONDUCT.md,4566.0,1330,346
305,61187,kubeedge,https://github.com/kubeedge/kubeedge,2023-04-26 13:46:24,1460,5526,Apache License 2.0,181,2079,75,true,247,181,1677,2022-12-27 07:53:31,https://github.com/kubeedge/kubeedge/blob/master/CODE_OF_CONDUCT.md,4566.0,1330,347
306,61187,kubeedge,https://github.com/kubeedge/kubeedge,2023-04-26 13:46:24,1462,5530,Apache License 2.0,180,2079,77,true,247,180,1678,2022-12-28 09:20:17,https://github.com/kubeedge/kubeedge/blob/master/CODE_OF_CONDUCT.md,4566.0,1331,347
307,61187,kubeedge,https://github.com/kubeedge/kubeedge,2023-04-26 13:46:24,1466,5560,Apache License 2.0,180,2095,74,true,248,180,1689,2023-01-15 22:28:24,https://github.com/kubeedge/kubeedge/blob/master/CODE_OF_CONDUCT.md,4599.0,1337,352
308,61187,kubeedge,https://github.com/kubeedge/kubeedge,2023-04-26 13:46:24,1467,5565,Apache License 2.0,180,2118,46,true,249,180,1690,2023-01-16 18:28:40,https://github.com/kubeedge/kubeedge/blob/master/CODE_OF_CONDUCT.md,4672.0,1339,351
309,61187,kubeedge,https://github.com/kubeedge/kubeedge,2023-04-26 13:46:24,1467,5581,Apache License 2.0,180,2125,45,true,249,180,1691,2023-01-19 09:51:41,https://github.com/kubeedge/kubeedge/blob/master/CODE_OF_CONDUCT.md,4683.0,1339,352
310,61187,kubeedge,https://github.com/kubeedge/kubeedge,2023-04-26 13:46:24,1468,5581,Apache License 2.0,180,2125,45,true,249,180,1691,2023-01-19 09:51:41,https://github.com/kubeedge/kubeedge/blob/master/CODE_OF_CONDUCT.md,4683.0,1339,352
311,61187,kubeedge,https://github.com/kubeedge/kubeedge,2023-04-26 13:46:24,1469,5600,Apache License 2.0,182,2127,48,true,249,182,1696,2023-02-01 08:57:30,https://github.com/kubeedge/kubeedge/blob/master/CODE_OF_CONDUCT.md,4687.0,1340,356
312,61187,kubeedge,https://github.com/kubeedge/kubeedge,2023-04-26 13:46:24,1488,5684,Apache License 2.0,182,2135,75,true,249,182,1725,2023-03-08 15:48:58,https://github.com/kubeedge/kubeedge/blob/master/CODE_OF_CONDUCT.md,4697.0,1352,373
313,61187,kubeedge,https://github.com/kubeedge/kubeedge,2023-04-26 13:46:24,1491,5704,Apache License 2.0,183,2136,76,true,250,183,1735,2023-03-14 13:30:58,https://github.com/kubeedge/kubeedge/blob/master/CODE_OF_CONDUCT.md,4699.0,1354,381
314,61187,kubeedge,https://github.com/kubeedge/kubeedge,2023-04-26 13:46:24,1495,5720,Apache License 2.0,182,2139,87,true,251,182,1746,2023-03-22 12:48:59,https://github.com/kubeedge/kubeedge/blob/master/CODE_OF_CONDUCT.md,4705.0,1356,390
315,61187,kubeedge,https://github.com/kubeedge/kubeedge,2023-04-26 13:46:24,1505,5753,Apache License 2.0,182,2141,67,true,252,182,1769,2023-04-05 17:17:33,https://github.com/kubeedge/kubeedge/blob/master/CODE_OF_CONDUCT.md,4709.0,1362,407
316,61187,kubeedge,https://github.com/kubeedge/kubeedge,2023-04-26 13:46:24,1517,5784,Apache License 2.0,182,2141,73,true,251,182,1791,2023-04-25 23:18:03,https://github.com/kubeedge/kubeedge/blob/master/CODE_OF_CONDUCT.md,4709.0,1365,426
317,61187,kubeedge,https://github.com/kubeedge/kubeedge,2023-04-26 13:46:24,1517,5787,Apache License 2.0,182,2143,72,true,251,182,1793,2023-04-27 14:03:10,https://github.com/kubeedge/kubeedge/blob/master/CODE_OF_CONDUCT.md,4713.0,1365,428
318,61187,kubeedge,https://github.com/kubeedge/kubeedge,2023-04-26 13:46:24,1519,5790,Apache License 2.0,182,2143,72,true,251,182,1795,2023-05-02 09:19:36,https://github.com/kubeedge/kubeedge/blob/master/CODE_OF_CONDUCT.md,4713.0,1365,430
319,61187,kubeedge,https://github.com/kubeedge/kubeedge,2023-04-26 13:46:24,1524,5797,Apache License 2.0,182,2143,74,true,251,182,1798,2023-05-10 05:25:14,https://github.com/kubeedge/kubeedge/blob/master/CODE_OF_CONDUCT.md,4713.0,1365,433
320,61187,kubeedge,https://github.com/kubeedge/kubeedge,2023-04-26 13:46:24,1525,5806,Apache License 2.0,182,2143,73,true,251,182,1800,2023-05-15 08:58:55,https://github.com/kubeedge/kubeedge/blob/master/CODE_OF_CONDUCT.md,4713.0,1365,435
321,61187,kubeedge,https://github.com/kubeedge/kubeedge,2023-04-26 13:46:24,1535,5825,Apache License 2.0,184,2144,77,true,251,184,1804,2023-05-19 15:21:03,https://github.com/kubeedge/kubeedge/blob/master/CODE_OF_CONDUCT.md,4715.0,1365,439
322,61187,kubeedge,https://github.com/kubeedge/kubeedge,2023-04-26 13:46:24,1535,5825,Apache License 2.0,184,2144,77,true,251,184,1804,2023-05-19 15:21:03,https://github.com/kubeedge/kubeedge/blob/master/CODE_OF_CONDUCT.md,4715.0,1365,439
323,61187,kubeedge,https://github.com/kubeedge/kubeedge,2023-04-26 13:46:24,1538,5839,Apache License 2.0,183,2150,65,true,100,183,1808,2023-05-25 16:44:05,https://github.com/kubeedge/kubeedge/blob/master/CODE_OF_CONDUCT.md,4725.0,1366,442
324,61187,kubeedge,https://github.com/kubeedge/kubeedge,2023-04-26 13:46:24,1542,5848,Apache License 2.0,183,2151,71,true,252,183,1816,2023-05-30 08:22:29,https://github.com/kubeedge/kubeedge/blob/master/CODE_OF_CONDUCT.md,4727.0,1372,444
325,61187,kubeedge,https://github.com/kubeedge/kubeedge,2023-04-26 13:46:24,1541,5854,Apache License 2.0,183,2152,72,true,252,183,1820,2023-06-03 07:00:16,https://github.com/kubeedge/kubeedge/blob/master/CODE_OF_CONDUCT.md,4729.0,1375,445
326,61187,kubeedge,https://github.com/kubeedge/kubeedge,2023-04-26 13:46:24,1542,5861,Apache License 2.0,182,2153,73,true,252,182,1822,2023-06-08 12:38:53,https://github.com/kubeedge/kubeedge/blob/master/CODE_OF_CONDUCT.md,4731.0,1377,445
327,61187,kubeedge,https://github.com/kubeedge/kubeedge,2023-04-26 13:46:24,1542,5868,Apache License 2.0,182,2153,44,true,252,182,1825,2023-06-12 08:39:36,https://github.com/kubeedge/kubeedge/blob/master/CODE_OF_CONDUCT.md,4731.0,1428,397
328,61187,kubeedge,https://github.com/kubeedge/kubeedge,2023-04-26 13:46:24,1543,5875,Apache License 2.0,182,2153,49,true,252,182,1826,2023-06-15 02:03:45,https://github.com/kubeedge/kubeedge/blob/master/CODE_OF_CONDUCT.md,4731.0,1428,398
329,61187,kubeedge,https://github.com/kubeedge/kubeedge,2023-04-26 13:46:24,1542,5875,Apache License 2.0,182,2153,49,true,252,182,1827,2023-06-15 14:02:47,https://github.com/kubeedge/kubeedge/blob/master/CODE_OF_CONDUCT.md,4731.0,1428,399
330,61187,kubeedge,https://github.com/kubeedge/kubeedge,2023-04-26 13:46:24,1542,5877,Apache License 2.0,182,2154,44,true,251,182,1827,2023-06-19 12:49:45,https://github.com/kubeedge/kubeedge/blob/master/CODE_OF_CONDUCT.md,4733.0,1428,399
331,61187,kubeedge,https://github.com/kubeedge/kubeedge,2023-04-26 13:46:24,1543,5886,Apache License 2.0,182,2154,44,true,251,182,1828,2023-06-23 15:43:18,https://github.com/kubeedge/kubeedge/blob/master/CODE_OF_CONDUCT.md,4733.0,1428,400
332,61187,kubeedge,https://github.com/kubeedge/kubeedge,2023-04-26 13:46:24,1543,5889,Apache License 2.0,182,2154,44,true,251,182,1829,2023-06-25 05:47:55,https://github.com/kubeedge/kubeedge/blob/master/CODE_OF_CONDUCT.md,4733.0,1429,400
333,61187,kubeedge,https://github.com/kubeedge/kubeedge,2023-04-26 13:46:24,1543,5895,Apache License 2.0,182,2154,45,true,251,182,1830,2023-06-27 18:08:18,https://github.com/kubeedge/kubeedge/blob/master/CODE_OF_CONDUCT.md,4733.0,1429,401
334,61187,kubeedge,https://github.com/kubeedge/kubeedge,2023-04-26 13:46:24,1551,5911,Apache License 2.0,183,2164,40,true,252,183,1834,2023-07-06 09:37:45,https://github.com/kubeedge/kubeedge/blob/master/CODE_OF_CONDUCT.md,4762.0,1433,401
335,61187,kubeedge,https://github.com/kubeedge/kubeedge,2023-04-26 13:46:24,1559,5912,Apache License 2.0,183,2165,40,true,252,183,1834,2023-07-08 18:35:24,https://github.com/kubeedge/kubeedge/blob/master/CODE_OF_CONDUCT.md,4764.0,1433,401
336,61187,kubeedge,https://github.com/kubeedge/kubeedge,2023-04-26 13:46:24,1568,5914,Apache License 2.0,183,2165,40,true,252,183,1834,2023-07-10 16:46:23,https://github.com/kubeedge/kubeedge/blob/master/CODE_OF_CONDUCT.md,4764.0,1433,401
337,61187,kubeedge,https://github.com/kubeedge/kubeedge,2023-04-26 13:46:24,1575,5916,Apache License 2.0,183,2166,39,true,252,183,1835,2023-07-11 08:23:36,https://github.com/kubeedge/kubeedge/blob/master/CODE_OF_CONDUCT.md,4766.0,1434,401
338,61187,kubeedge,https://github.com/kubeedge/kubeedge,2023-04-26 13:46:24,1582,5919,Apache License 2.0,183,2166,39,true,252,183,1836,2023-07-12 14:35:05,https://github.com/kubeedge/kubeedge/blob/master/CODE_OF_CONDUCT.md,4766.0,1434,402
339,61187,kubeedge,https://github.com/kubeedge/kubeedge,2023-04-26 13:46:24,1590,5920,Apache License 2.0,183,2167,40,true,252,183,1837,2023-07-13 17:02:41,https://github.com/kubeedge/kubeedge/blob/master/CODE_OF_CONDUCT.md,4768.0,1435,402
340,61187,kubeedge,https://github.com/kubeedge/kubeedge,2023-04-26 13:46:24,1598,5921,Apache License 2.0,183,2167,40,true,252,183,1840,2023-07-14 22:25:12,https://github.com/kubeedge/kubeedge/blob/master/CODE_OF_CONDUCT.md,4768.0,1435,405
341,61187,kubeedge,https://github.com/kubeedge/kubeedge,2023-04-26 13:46:24,1600,5922,Apache License 2.0,183,2168,40,true,253,183,1841,2023-07-15 07:42:31,https://github.com/kubeedge/kubeedge/blob/master/CODE_OF_CONDUCT.md,4772.0,1435,406
342,61187,kubeedge,https://github.com/kubeedge/kubeedge,2023-04-26 13:46:24,1605,5924,Apache License 2.0,182,2170,42,true,254,182,1841,2023-07-17 10:02:08,https://github.com/kubeedge/kubeedge/blob/master/CODE_OF_CONDUCT.md,4774.0,1435,406
343,61187,kubeedge,https://github.com/kubeedge/kubeedge,2023-04-26 13:46:24,1563,5929,Apache License 2.0,182,2174,40,true,255,182,1842,2023-07-18 15:07:02,https://github.com/kubeedge/kubeedge/blob/master/CODE_OF_CONDUCT.md,4778.0,1435,407
344,61187,kubeedge,https://github.com/kubeedge/kubeedge,2023-04-26 13:46:24,1570,5937,Apache License 2.0,182,2174,40,true,255,182,1844,2023-07-19 15:02:32,https://github.com/kubeedge/kubeedge/blob/master/CODE_OF_CONDUCT.md,4778.0,1435,409
345,61187,kubeedge,https://github.com/kubeedge/kubeedge,2023-04-26 13:46:24,1757,5990,Apache License 2.0,179,2231,41,true,259,179,1878,2023-08-27 11:09:55,https://github.com/kubeedge/kubeedge/blob/master/CODE_OF_CONDUCT.md,4849.0,1450,428
346,61187,kubeedge,https://github.com/kubeedge/kubeedge,2023-04-26 13:46:24,1756,5991,Apache License 2.0,179,2231,42,true,259,179,1878,2023-08-28 10:36:38,https://github.com/kubeedge/kubeedge/blob/master/CODE_OF_CONDUCT.md,4849.0,1450,428
347,61187,kubeedge,https://github.com/kubeedge/kubeedge,2023-04-26 13:46:24,1757,5995,Apache License 2.0,179,2232,47,true,259,179,1879,2023-08-30 15:15:45,https://github.com/kubeedge/kubeedge/blob/master/CODE_OF_CONDUCT.md,4851.0,1450,429
348,61187,kubeedge,https://github.com/kubeedge/kubeedge,2023-04-26 13:46:24,1679,5996,Apache License 2.0,180,2233,52,true,259,180,1879,2023-08-31 03:30:30,https://github.com/kubeedge/kubeedge/blob/master/CODE_OF_CONDUCT.md,4853.0,1450,429
349,64760,linkerd2,https://github.com/linkerd/linkerd2,2023-04-26 13:46:24,1131,9380,Apache License 2.0,199,5579,11,true,288,199,3471,2023-03-07 13:52:35,https://github.com/linkerd/linkerd2/blob/main/CODE_OF_CONDUCT.md,,3224,247
350,64760,linkerd2,https://github.com/linkerd/linkerd2,2023-04-26 13:46:24,1131,9382,Apache License 2.0,199,5579,15,true,288,199,3471,2023-03-08 08:09:22,https://github.com/linkerd/linkerd2/blob/main/CODE_OF_CONDUCT.md,,3225,246
351,64760,linkerd2,https://github.com/linkerd/linkerd2,2023-04-26 13:46:24,1133,9393,Apache License 2.0,199,5597,13,true,289,199,3473,2023-03-10 17:48:35,https://github.com/linkerd/linkerd2/blob/main/CODE_OF_CONDUCT.md,,3228,245
352,64760,linkerd2,https://github.com/linkerd/linkerd2,2023-04-26 13:46:24,1139,9437,Apache License 2.0,200,5668,16,true,291,200,3487,2023-03-22 08:32:54,https://github.com/linkerd/linkerd2/blob/main/CODE_OF_CONDUCT.md,,3239,248
353,64760,linkerd2,https://github.com/linkerd/linkerd2,2023-04-26 13:46:24,1158,9513,Apache License 2.0,198,5747,31,true,293,198,3533,2023-04-18 17:29:56,https://github.com/linkerd/linkerd2/blob/main/CODE_OF_CONDUCT.md,,3274,259
354,64760,linkerd2,https://github.com/linkerd/linkerd2,2023-04-26 13:46:24,1164,9535,Apache License 2.0,198,5791,15,true,297,198,3547,2023-04-27 00:03:24,https://github.com/linkerd/linkerd2/blob/main/CODE_OF_CONDUCT.md,,3288,259
355,64760,linkerd2,https://github.com/linkerd/linkerd2,2023-04-26 13:46:24,1167,9543,Apache License 2.0,198,5794,16,true,297,198,3549,2023-04-30 12:16:26,https://github.com/linkerd/linkerd2/blob/main/CODE_OF_CONDUCT.md,,3290,259
356,64760,linkerd2,https://github.com/linkerd/linkerd2,2023-04-26 13:46:24,1166,9558,Apache License 2.0,198,5808,12,true,299,198,3551,2023-05-04 09:09:43,https://github.com/linkerd/linkerd2/blob/main/CODE_OF_CONDUCT.md,,3297,254
357,64760,linkerd2,https://github.com/linkerd/linkerd2,2023-04-26 13:46:24,1168,9574,Apache License 2.0,198,5830,9,true,300,198,3558,2023-05-11 15:46:05,https://github.com/linkerd/linkerd2/blob/main/CODE_OF_CONDUCT.md,,3309,249
358,64760,linkerd2,https://github.com/linkerd/linkerd2,2023-04-26 13:46:24,1174,9576,Apache License 2.0,198,5836,15,true,300,198,3562,2023-05-16 11:08:55,https://github.com/linkerd/linkerd2/blob/main/CODE_OF_CONDUCT.md,,3309,253
359,64760,linkerd2,https://github.com/linkerd/linkerd2,2023-04-26 13:46:24,1181,9586,Apache License 2.0,198,5849,12,true,300,198,3568,2023-05-20 17:45:15,https://github.com/linkerd/linkerd2/blob/main/CODE_OF_CONDUCT.md,,3313,255
360,64760,linkerd2,https://github.com/linkerd/linkerd2,2023-04-26 13:46:24,1182,9611,Apache License 2.0,198,5864,14,true,302,198,3572,2023-05-26 21:13:39,https://github.com/linkerd/linkerd2/blob/main/CODE_OF_CONDUCT.md,,3321,251
361,64760,linkerd2,https://github.com/linkerd/linkerd2,2023-04-26 13:46:24,1183,9620,Apache License 2.0,198,5875,12,true,303,198,3577,2023-06-01 05:35:18,https://github.com/linkerd/linkerd2/blob/main/CODE_OF_CONDUCT.md,,3324,253
362,64760,linkerd2,https://github.com/linkerd/linkerd2,2023-04-26 13:46:24,1184,9632,Apache License 2.0,198,5883,16,true,302,198,3581,2023-06-05 07:00:39,https://github.com/linkerd/linkerd2/blob/main/CODE_OF_CONDUCT.md,,3325,256
363,64760,linkerd2,https://github.com/linkerd/linkerd2,2023-04-26 13:46:24,1186,9640,Apache License 2.0,197,5884,17,true,302,197,3583,2023-06-11 15:56:46,https://github.com/linkerd/linkerd2/blob/main/CODE_OF_CONDUCT.md,,3330,253
364,64760,linkerd2,https://github.com/linkerd/linkerd2,2023-04-26 13:46:24,1188,9642,Apache License 2.0,197,5894,11,true,302,197,3584,2023-06-13 14:30:36,https://github.com/linkerd/linkerd2/blob/main/CODE_OF_CONDUCT.md,,3330,254
365,64760,linkerd2,https://github.com/linkerd/linkerd2,2023-04-26 13:46:24,1235,9816,Apache License 2.0,197,6030,26,true,308,197,3647,2023-08-27 04:39:03,https://github.com/linkerd/linkerd2/blob/main/CODE_OF_CONDUCT.md,,3400,247
366,64760,linkerd2,https://github.com/linkerd/linkerd2,2023-04-26 13:46:24,1235,9816,Apache License 2.0,197,6030,26,true,308,197,3647,2023-08-27 04:39:03,https://github.com/linkerd/linkerd2/blob/main/CODE_OF_CONDUCT.md,,3400,247
367,64760,linkerd2,https://github.com/linkerd/linkerd2,2023-04-26 13:46:24,1235,9816,Apache License 2.0,197,6030,26,true,308,197,3647,2023-08-27 04:39:03,https://github.com/linkerd/linkerd2/blob/main/CODE_OF_CONDUCT.md,,3400,247
368,64760,linkerd2,https://github.com/linkerd/linkerd2,2023-04-26 13:46:24,1235,9817,Apache License 2.0,197,6030,26,true,308,197,3648,2023-08-28 07:18:17,https://github.com/linkerd/linkerd2/blob/main/CODE_OF_CONDUCT.md,,3400,248
369,64760,linkerd2,https://github.com/linkerd/linkerd2,2023-04-26 13:46:24,1237,9820,Apache License 2.0,197,6031,32,true,308,197,3654,2023-08-30 13:14:22,https://github.com/linkerd/linkerd2/blob/main/CODE_OF_CONDUCT.md,5913.0,3400,254
370,64760,linkerd2,https://github.com/linkerd/linkerd2,2023-04-26 13:46:24,1237,9821,Apache License 2.0,197,6031,32,true,308,197,3657,2023-08-31 07:48:04,https://github.com/linkerd/linkerd2/blob/main/CODE_OF_CONDUCT.md,5913.0,3400,257
371,64762,litmus,https://github.com/litmuschaos/litmus,2023-04-26 13:46:24,551,3535,Apache License 2.0,67,2238,59,true,148,67,1263,2023-03-06 06:45:43,https://github.com/litmuschaos/litmus/blob/master/CODE_OF_CONDUCT.md,2515.0,1031,232
372,64762,litmus,https://github.com/litmuschaos/litmus,2023-04-26 13:46:24,551,3534,Apache License 2.0,67,2238,59,true,148,67,1263,2023-03-08 18:13:47,https://github.com/litmuschaos/litmus/blob/master/CODE_OF_CONDUCT.md,2515.0,1031,232
373,64762,litmus,https://github.com/litmuschaos/litmus,2023-04-26 13:46:24,556,3557,Apache License 2.0,66,2246,61,true,148,66,1269,2023-03-20 16:58:10,https://github.com/litmuschaos/litmus/blob/master/CODE_OF_CONDUCT.md,2523.0,1046,223
374,64762,litmus,https://github.com/litmuschaos/litmus,2023-04-26 13:46:24,556,3558,Apache License 2.0,66,2247,60,true,149,66,1271,2023-03-22 18:09:07,https://github.com/litmuschaos/litmus/blob/master/CODE_OF_CONDUCT.md,2524.0,1047,224
375,64762,litmus,https://github.com/litmuschaos/litmus,2023-04-26 13:46:24,562,3584,Apache License 2.0,66,2256,62,true,150,66,1278,2023-04-18 16:35:19,https://github.com/litmuschaos/litmus/blob/master/CODE_OF_CONDUCT.md,2533.0,1048,230
376,64762,litmus,https://github.com/litmuschaos/litmus,2023-04-26 13:46:24,563,3599,Apache License 2.0,66,2257,63,true,150,66,1280,2023-04-25 17:11:38,https://github.com/litmuschaos/litmus/blob/master/CODE_OF_CONDUCT.md,2534.0,1049,231
377,64762,litmus,https://github.com/litmuschaos/litmus,2023-04-26 13:46:24,564,3629,Apache License 2.0,67,2257,64,true,150,67,1283,2023-04-28 23:25:08,https://github.com/litmuschaos/litmus/blob/master/CODE_OF_CONDUCT.md,2534.0,1050,233
378,64762,litmus,https://github.com/litmuschaos/litmus,2023-04-26 13:46:24,566,3642,Apache License 2.0,67,2257,65,true,150,67,1286,2023-05-02 05:17:49,https://github.com/litmuschaos/litmus/blob/master/CODE_OF_CONDUCT.md,2534.0,1051,235
379,64762,litmus,https://github.com/litmuschaos/litmus,2023-04-26 13:46:24,566,3657,Apache License 2.0,69,2258,66,true,150,69,1288,2023-05-09 15:29:02,https://github.com/litmuschaos/litmus/blob/master/CODE_OF_CONDUCT.md,2535.0,1051,237
380,64762,litmus,https://github.com/litmuschaos/litmus,2023-04-26 13:46:24,567,3664,Apache License 2.0,69,2259,67,true,150,69,1289,2023-05-13 17:27:12,https://github.com/litmuschaos/litmus/blob/master/CODE_OF_CONDUCT.md,2536.0,1051,238
381,64762,litmus,https://github.com/litmuschaos/litmus,2023-04-26 13:46:24,570,3673,Apache License 2.0,69,2262,70,true,150,69,1290,2023-05-19 15:22:13,https://github.com/litmuschaos/litmus/blob/master/CODE_OF_CONDUCT.md,2539.0,1051,239
382,64762,litmus,https://github.com/litmuschaos/litmus,2023-04-26 13:46:24,571,3680,Apache License 2.0,69,2266,75,true,150,69,1290,2023-05-22 19:40:18,https://github.com/litmuschaos/litmus/blob/master/CODE_OF_CONDUCT.md,2543.0,1051,239
383,64762,litmus,https://github.com/litmuschaos/litmus,2023-04-26 13:46:24,572,3686,Apache License 2.0,69,2269,74,true,150,69,1291,2023-05-29 10:24:19,https://github.com/litmuschaos/litmus/blob/master/CODE_OF_CONDUCT.md,2543.0,1051,240
384,64762,litmus,https://github.com/litmuschaos/litmus,2023-04-26 13:46:24,573,3691,Apache License 2.0,69,2270,78,true,150,69,1291,2023-06-02 14:01:35,https://github.com/litmuschaos/litmus/blob/master/CODE_OF_CONDUCT.md,2544.0,1051,240
385,64762,litmus,https://github.com/litmuschaos/litmus,2023-04-26 13:46:24,572,3693,Apache License 2.0,69,2270,78,true,150,69,1292,2023-06-08 08:58:45,https://github.com/litmuschaos/litmus/blob/master/CODE_OF_CONDUCT.md,2544.0,1051,241
386,64762,litmus,https://github.com/litmuschaos/litmus,2023-04-26 13:46:24,573,3695,Apache License 2.0,70,2270,78,true,150,70,1294,2023-06-11 21:35:12,https://github.com/litmuschaos/litmus/blob/master/CODE_OF_CONDUCT.md,2544.0,1051,243
387,64762,litmus,https://github.com/litmuschaos/litmus,2023-04-26 13:46:24,574,3697,Apache License 2.0,70,2270,78,true,150,70,1294,2023-06-14 10:02:51,https://github.com/litmuschaos/litmus/blob/master/CODE_OF_CONDUCT.md,2544.0,1051,243
388,64762,litmus,https://github.com/litmuschaos/litmus,2023-04-26 13:46:24,574,3702,Apache License 2.0,70,2270,78,true,150,70,1295,2023-06-17 20:39:42,https://github.com/litmuschaos/litmus/blob/master/CODE_OF_CONDUCT.md,2544.0,1051,244
389,64762,litmus,https://github.com/litmuschaos/litmus,2023-04-26 13:46:24,575,3706,Apache License 2.0,70,2270,81,true,150,70,1298,2023-06-19 18:45:14,https://github.com/litmuschaos/litmus/blob/master/CODE_OF_CONDUCT.md,2544.0,1052,246
390,64762,litmus,https://github.com/litmuschaos/litmus,2023-04-26 13:46:24,575,3715,Apache License 2.0,71,2273,83,true,150,71,1300,2023-06-22 21:34:05,https://github.com/litmuschaos/litmus/blob/master/CODE_OF_CONDUCT.md,2547.0,1052,248
391,64762,litmus,https://github.com/litmuschaos/litmus,2023-04-26 13:46:24,575,3717,Apache License 2.0,71,2273,85,true,150,71,1300,2023-06-25 19:00:19,https://github.com/litmuschaos/litmus/blob/master/CODE_OF_CONDUCT.md,2547.0,1053,247
392,64762,litmus,https://github.com/litmuschaos/litmus,2023-04-26 13:46:24,575,3720,Apache License 2.0,71,2275,83,true,150,71,1300,2023-06-27 16:12:13,https://github.com/litmuschaos/litmus/blob/master/CODE_OF_CONDUCT.md,2547.0,1053,247
393,64762,litmus,https://github.com/litmuschaos/litmus,2023-04-26 13:46:24,578,3736,Apache License 2.0,71,2290,111,true,153,71,1310,2023-07-05 15:34:07,https://github.com/litmuschaos/litmus/blob/master/CODE_OF_CONDUCT.md,2562.0,1055,255
394,64762,litmus,https://github.com/litmuschaos/litmus,2023-04-26 13:46:24,579,3734,Apache License 2.0,70,2290,112,true,153,70,1311,2023-07-07 10:04:23,https://github.com/litmuschaos/litmus/blob/master/CODE_OF_CONDUCT.md,2562.0,1055,256
395,64762,litmus,https://github.com/litmuschaos/litmus,2023-04-26 13:46:24,579,3735,Apache License 2.0,70,2290,113,true,153,70,1311,2023-07-10 06:29:53,https://github.com/litmuschaos/litmus/blob/master/CODE_OF_CONDUCT.md,2562.0,1055,256
396,64762,litmus,https://github.com/litmuschaos/litmus,2023-04-26 13:46:24,579,3739,Apache License 2.0,70,2290,114,true,153,70,1312,2023-07-11 20:49:37,https://github.com/litmuschaos/litmus/blob/master/CODE_OF_CONDUCT.md,2562.0,1055,257
397,64762,litmus,https://github.com/litmuschaos/litmus,2023-04-26 13:46:24,579,3740,Apache License 2.0,70,2292,114,true,153,70,1312,2023-07-12 14:04:16,https://github.com/litmuschaos/litmus/blob/master/CODE_OF_CONDUCT.md,2564.0,1055,257
398,64762,litmus,https://github.com/litmuschaos/litmus,2023-04-26 13:46:24,579,3740,Apache License 2.0,70,2293,116,true,153,70,1312,2023-07-12 14:04:16,https://github.com/litmuschaos/litmus/blob/master/CODE_OF_CONDUCT.md,2565.0,1055,257
399,64762,litmus,https://github.com/litmuschaos/litmus,2023-04-26 13:46:24,579,3740,Apache License 2.0,70,2293,116,true,153,70,1312,2023-07-12 14:04:16,https://github.com/litmuschaos/litmus/blob/master/CODE_OF_CONDUCT.md,2565.0,1055,257
400,64762,litmus,https://github.com/litmuschaos/litmus,2023-04-26 13:46:24,579,3741,Apache License 2.0,69,2293,116,true,153,69,1312,2023-07-16 07:49:54,https://github.com/litmuschaos/litmus/blob/master/CODE_OF_CONDUCT.md,2565.0,1055,257
401,64762,litmus,https://github.com/litmuschaos/litmus,2023-04-26 13:46:24,579,3742,Apache License 2.0,69,2294,115,true,153,69,1312,2023-07-16 17:39:07,https://github.com/litmuschaos/litmus/blob/master/CODE_OF_CONDUCT.md,2566.0,1055,257
402,64762,litmus,https://github.com/litmuschaos/litmus,2023-04-26 13:46:24,581,3743,Apache License 2.0,69,2296,115,true,153,69,1312,2023-07-18 09:06:12,https://github.com/litmuschaos/litmus/blob/master/CODE_OF_CONDUCT.md,2568.0,1055,257
403,64762,litmus,https://github.com/litmuschaos/litmus,2023-04-26 13:46:24,581,3743,Apache License 2.0,70,2298,116,true,153,70,1312,2023-07-18 09:06:12,https://github.com/litmuschaos/litmus/blob/master/CODE_OF_CONDUCT.md,2570.0,1055,257
404,64762,litmus,https://github.com/litmuschaos/litmus,2023-04-26 13:46:24,581,3745,Apache License 2.0,70,2300,118,true,153,70,1312,2023-07-20 11:17:30,https://github.com/litmuschaos/litmus/blob/master/CODE_OF_CONDUCT.md,2572.0,1055,257
405,64762,litmus,https://github.com/litmuschaos/litmus,2023-04-26 13:46:24,582,3746,Apache License 2.0,70,2300,118,true,153,70,1312,2023-07-21 13:33:23,https://github.com/litmuschaos/litmus/blob/master/CODE_OF_CONDUCT.md,2572.0,1055,257
406,64762,litmus,https://github.com/litmuschaos/litmus,2023-04-26 13:46:24,582,3747,Apache License 2.0,70,2300,118,true,153,70,1312,2023-07-22 05:21:42,https://github.com/litmuschaos/litmus/blob/master/CODE_OF_CONDUCT.md,2572.0,1055,257
407,64762,litmus,https://github.com/litmuschaos/litmus,2023-04-26 13:46:24,582,3747,Apache License 2.0,70,2300,118,true,153,70,1312,2023-07-22 05:21:42,https://github.com/litmuschaos/litmus/blob/master/CODE_OF_CONDUCT.md,2572.0,1055,257
408,64762,litmus,https://github.com/litmuschaos/litmus,2023-04-26 13:46:24,582,3752,Apache License 2.0,70,2300,118,true,153,70,1313,2023-07-24 19:19:34,https://github.com/litmuschaos/litmus/blob/master/CODE_OF_CONDUCT.md,2572.0,1056,257
409,64762,litmus,https://github.com/litmuschaos/litmus,2023-04-26 13:46:24,582,3754,Apache License 2.0,70,2300,118,true,153,70,1314,2023-07-25 21:08:16,https://github.com/litmuschaos/litmus/blob/master/CODE_OF_CONDUCT.md,2572.0,1056,258
410,64762,litmus,https://github.com/litmuschaos/litmus,2023-04-26 13:46:24,584,3756,Apache License 2.0,70,2302,117,true,154,70,1314,2023-07-27 06:20:43,https://github.com/litmuschaos/litmus/blob/master/CODE_OF_CONDUCT.md,2574.0,1056,258
411,64762,litmus,https://github.com/litmuschaos/litmus,2023-04-26 13:46:24,584,3756,Apache License 2.0,70,2303,116,true,154,70,1315,2023-07-27 06:20:43,https://github.com/litmuschaos/litmus/blob/master/CODE_OF_CONDUCT.md,2575.0,1058,257
412,64762,litmus,https://github.com/litmuschaos/litmus,2023-04-26 13:46:24,585,3757,Apache License 2.0,70,2303,116,true,154,70,1316,2023-07-28 12:51:54,https://github.com/litmuschaos/litmus/blob/master/CODE_OF_CONDUCT.md,2575.0,1058,258
413,64762,litmus,https://github.com/litmuschaos/litmus,2023-04-26 13:46:24,585,3758,Apache License 2.0,70,2303,116,true,154,70,1317,2023-07-29 15:15:53,https://github.com/litmuschaos/litmus/blob/master/CODE_OF_CONDUCT.md,2575.0,1058,259
414,64762,litmus,https://github.com/litmuschaos/litmus,2023-04-26 13:46:24,586,3759,Apache License 2.0,70,2303,117,true,153,70,1319,2023-07-30 22:07:49,https://github.com/litmuschaos/litmus/blob/master/CODE_OF_CONDUCT.md,2575.0,1058,261
415,64762,litmus,https://github.com/litmuschaos/litmus,2023-04-26 13:46:24,587,3761,Apache License 2.0,70,2303,117,true,153,70,1319,2023-08-01 02:50:23,https://github.com/litmuschaos/litmus/blob/master/CODE_OF_CONDUCT.md,2575.0,1058,261
416,64762,litmus,https://github.com/litmuschaos/litmus,2023-04-26 13:46:24,585,3761,Apache License 2.0,70,2304,118,true,153,70,1319,2023-08-01 02:50:23,https://github.com/litmuschaos/litmus/blob/master/CODE_OF_CONDUCT.md,2576.0,1058,261
417,64762,litmus,https://github.com/litmuschaos/litmus,2023-04-26 13:46:24,586,3763,Apache License 2.0,70,2305,119,true,153,70,1319,2023-08-03 09:08:21,https://github.com/litmuschaos/litmus/blob/master/CODE_OF_CONDUCT.md,2577.0,1058,261
418,64762,litmus,https://github.com/litmuschaos/litmus,2023-04-26 13:46:24,587,3766,Apache License 2.0,70,2305,120,true,153,70,1320,2023-08-04 13:18:08,https://github.com/litmuschaos/litmus/blob/master/CODE_OF_CONDUCT.md,2577.0,1058,262
419,64762,litmus,https://github.com/litmuschaos/litmus,2023-04-26 13:46:24,587,3768,Apache License 2.0,70,2305,120,true,153,70,1320,2023-08-05 11:59:08,https://github.com/litmuschaos/litmus/blob/master/CODE_OF_CONDUCT.md,2577.0,1058,262
420,64762,litmus,https://github.com/litmuschaos/litmus,2023-04-26 13:46:24,588,3770,Apache License 2.0,70,2305,120,true,153,70,1320,2023-08-06 16:03:01,https://github.com/litmuschaos/litmus/blob/master/CODE_OF_CONDUCT.md,2577.0,1058,262
421,64762,litmus,https://github.com/litmuschaos/litmus,2023-04-26 13:46:24,589,3772,Apache License 2.0,70,2306,120,true,153,70,1320,2023-08-07 16:52:46,https://github.com/litmuschaos/litmus/blob/master/CODE_OF_CONDUCT.md,2578.0,1059,261
422,64762,litmus,https://github.com/litmuschaos/litmus,2023-04-26 13:46:24,589,3776,Apache License 2.0,70,2306,123,true,153,70,1320,2023-08-08 10:19:49,https://github.com/litmuschaos/litmus/blob/master/CODE_OF_CONDUCT.md,2578.0,1059,261
423,64762,litmus,https://github.com/litmuschaos/litmus,2023-04-26 13:46:24,588,3776,Apache License 2.0,70,2307,123,true,153,70,1322,2023-08-09 08:01:18,https://github.com/litmuschaos/litmus/blob/master/CODE_OF_CONDUCT.md,2579.0,1060,262
424,64762,litmus,https://github.com/litmuschaos/litmus,2023-04-26 13:46:24,588,3778,Apache License 2.0,70,2308,123,true,153,70,1322,2023-08-10 13:49:40,https://github.com/litmuschaos/litmus/blob/master/CODE_OF_CONDUCT.md,2580.0,1060,262
425,64762,litmus,https://github.com/litmuschaos/litmus,2023-04-26 13:46:24,588,3780,Apache License 2.0,70,2309,122,true,153,70,1323,2023-08-13 05:37:26,https://github.com/litmuschaos/litmus/blob/master/CODE_OF_CONDUCT.md,2581.0,1060,263
426,64762,litmus,https://github.com/litmuschaos/litmus,2023-04-26 13:46:24,588,3781,Apache License 2.0,70,2310,121,true,153,70,1324,2023-08-14 09:16:57,https://github.com/litmuschaos/litmus/blob/master/CODE_OF_CONDUCT.md,2582.0,1061,263
427,64762,litmus,https://github.com/litmuschaos/litmus,2023-04-26 13:46:24,588,3781,Apache License 2.0,70,2310,123,true,153,70,1324,2023-08-14 09:16:57,https://github.com/litmuschaos/litmus/blob/master/CODE_OF_CONDUCT.md,2582.0,1061,263
428,64762,litmus,https://github.com/litmuschaos/litmus,2023-04-26 13:46:24,588,3784,Apache License 2.0,70,2315,123,true,153,70,1325,2023-08-16 19:44:12,https://github.com/litmuschaos/litmus/blob/master/CODE_OF_CONDUCT.md,2587.0,1061,264
429,64762,litmus,https://github.com/litmuschaos/litmus,2023-04-26 13:46:24,589,3783,Apache License 2.0,70,2315,125,true,153,70,1325,2023-08-17 13:40:41,https://github.com/litmuschaos/litmus/blob/master/CODE_OF_CONDUCT.md,2587.0,1061,264
430,64762,litmus,https://github.com/litmuschaos/litmus,2023-04-26 13:46:24,590,3785,Apache License 2.0,70,2315,126,true,153,70,1325,2023-08-19 03:58:23,https://github.com/litmuschaos/litmus/blob/master/CODE_OF_CONDUCT.md,2587.0,1061,264
431,64762,litmus,https://github.com/litmuschaos/litmus,2023-04-26 13:46:24,590,3794,Apache License 2.0,69,2319,124,true,154,69,1328,2023-08-27 12:55:56,https://github.com/litmuschaos/litmus/blob/master/CODE_OF_CONDUCT.md,2591.0,1063,265
432,64762,litmus,https://github.com/litmuschaos/litmus,2023-04-26 13:46:24,590,3794,Apache License 2.0,69,2319,124,true,154,69,1328,2023-08-27 12:55:56,https://github.com/litmuschaos/litmus/blob/master/CODE_OF_CONDUCT.md,2591.0,1063,265
433,64762,litmus,https://github.com/litmuschaos/litmus,2023-04-26 13:46:24,590,3795,Apache License 2.0,69,2319,125,true,154,69,1329,2023-08-28 07:23:06,https://github.com/litmuschaos/litmus/blob/master/CODE_OF_CONDUCT.md,2591.0,1063,266
434,64762,litmus,https://github.com/litmuschaos/litmus,2023-04-26 13:46:24,589,3801,Apache License 2.0,69,2319,126,true,154,69,1333,2023-08-30 10:36:37,https://github.com/litmuschaos/litmus/blob/master/CODE_OF_CONDUCT.md,2591.0,1063,270
435,64762,litmus,https://github.com/litmuschaos/litmus,2023-04-26 13:46:24,589,3801,Apache License 2.0,69,2319,126,true,154,69,1333,2023-08-30 10:36:37,https://github.com/litmuschaos/litmus/blob/master/CODE_OF_CONDUCT.md,2591.0,1063,270
436,64764,nats-server,https://github.com/nats-io/nats-server,2023-04-26 13:46:24,1198,12386,Apache License 2.0,385,2342,22,false,115,385,1238,2023-03-07 19:00:20,https://github.com/nats-io/nats-server/blob/main/CODE-OF-CONDUCT.md,,1018,220
437,64764,nats-server,https://github.com/nats-io/nats-server,2023-04-26 13:46:24,1199,12388,Apache License 2.0,385,2343,21,false,115,385,1240,2023-03-08 14:16:00,https://github.com/nats-io/nats-server/blob/main/CODE-OF-CONDUCT.md,,1018,222
438,64764,nats-server,https://github.com/nats-io/nats-server,2023-04-26 13:46:24,1204,12424,Apache License 2.0,385,2347,23,false,115,385,1247,2023-03-14 18:42:33,https://github.com/nats-io/nats-server/blob/main/CODE-OF-CONDUCT.md,,1020,227
439,64764,nats-server,https://github.com/nats-io/nats-server,2023-04-26 13:46:24,1204,12483,Apache License 2.0,386,2360,21,false,115,386,1251,2023-03-20 16:38:26,https://github.com/nats-io/nats-server/blob/main/CODE-OF-CONDUCT.md,,1025,226
440,64764,nats-server,https://github.com/nats-io/nats-server,2023-04-26 13:46:24,1204,12495,Apache License 2.0,386,2362,22,false,115,386,1251,2023-03-22 22:43:48,https://github.com/nats-io/nats-server/blob/main/CODE-OF-CONDUCT.md,,1025,226
441,64764,nats-server,https://github.com/nats-io/nats-server,2023-04-26 13:46:24,1219,12636,Apache License 2.0,385,2422,21,false,116,385,1274,2023-04-19 03:18:55,https://github.com/nats-io/nats-server/blob/main/CODE-OF-CONDUCT.md,,1040,234
442,64764,nats-server,https://github.com/nats-io/nats-server,2023-04-26 13:46:24,1223,12675,Apache License 2.0,386,2434,14,false,117,386,1286,2023-04-26 03:11:52,https://github.com/nats-io/nats-server/blob/main/CODE-OF-CONDUCT.md,,1044,242
443,64764,nats-server,https://github.com/nats-io/nats-server,2023-04-26 13:46:24,1225,12700,Apache License 2.0,386,2440,15,false,117,386,1291,2023-04-29 07:39:08,https://github.com/nats-io/nats-server/blob/main/CODE-OF-CONDUCT.md,,1046,245
444,64764,nats-server,https://github.com/nats-io/nats-server,2023-04-26 13:46:24,1225,12712,Apache License 2.0,386,2445,18,false,117,386,1293,2023-05-02 19:05:11,https://github.com/nats-io/nats-server/blob/main/CODE-OF-CONDUCT.md,,1048,245
445,64764,nats-server,https://github.com/nats-io/nats-server,2023-04-26 13:46:24,1229,12764,Apache License 2.0,387,2458,19,false,117,387,1298,2023-05-11 03:40:23,https://github.com/nats-io/nats-server/blob/main/CODE-OF-CONDUCT.md,,1049,249
446,64764,nats-server,https://github.com/nats-io/nats-server,2023-04-26 13:46:24,1231,12783,Apache License 2.0,388,2465,21,false,117,388,1304,2023-05-15 08:27:27,https://github.com/nats-io/nats-server/blob/main/CODE-OF-CONDUCT.md,,1053,251
447,64764,nats-server,https://github.com/nats-io/nats-server,2023-04-26 13:46:24,1234,12801,Apache License 2.0,389,2482,20,false,117,389,1307,2023-05-19 13:22:43,https://github.com/nats-io/nats-server/blob/main/CODE-OF-CONDUCT.md,,1056,251
448,64764,nats-server,https://github.com/nats-io/nats-server,2023-04-26 13:46:24,1239,12822,Apache License 2.0,390,2485,20,false,117,390,1313,2023-05-25 06:57:56,https://github.com/nats-io/nats-server/blob/main/CODE-OF-CONDUCT.md,,1058,255
449,64764,nats-server,https://github.com/nats-io/nats-server,2023-04-26 13:46:24,1241,12840,Apache License 2.0,390,2485,21,false,117,390,1314,2023-05-30 06:57:53,https://github.com/nats-io/nats-server/blob/main/CODE-OF-CONDUCT.md,,1058,256
450,64764,nats-server,https://github.com/nats-io/nats-server,2023-04-26 13:46:24,1242,12867,Apache License 2.0,391,2492,21,false,117,391,1319,2023-06-03 16:48:17,https://github.com/nats-io/nats-server/blob/main/CODE-OF-CONDUCT.md,,1061,258
451,64764,nats-server,https://github.com/nats-io/nats-server,2023-04-26 13:46:24,1242,12885,Apache License 2.0,390,2500,23,false,119,390,1321,2023-06-07 20:35:16,https://github.com/nats-io/nats-server/blob/main/CODE-OF-CONDUCT.md,,1064,257
452,64764,nats-server,https://github.com/nats-io/nats-server,2023-04-26 13:46:24,1244,12892,Apache License 2.0,390,2510,22,false,119,390,1322,2023-06-12 14:37:17,https://github.com/nats-io/nats-server/blob/main/CODE-OF-CONDUCT.md,,1119,203
